3659 5209
651 519 672 573 l.
690 517 872 573 cubilarius
892 520 938 573 ΑΙ)
958 521 1032 577 COR.
1050 523 1099 579 tit.
1117 524 1178 578 xil.
1416 532 1479 597 109

350 679 473 760 iacere,
506 699 582 762 quac
606 698 662 743 uos
684 680 829 743 Dominus
858 683 976 744 statutis
1007 685 1189 767 temporibus
1212 705 1360 769 peragere
1380 690 1477 772 jussit.

350 785 527 849 Oblationes
557 786 671 848 scilicet
701 791 730 847 et
762 785 859 847 cilicio
890 803 976 849 sacra
1006 790 1126 871 perlici,
1160 809 1259 872 neque
1293 799 1407 856 temere
1430 797 1479 860 vel

349 892 521 954 inordinate
544 891 608 954 lieri
630 891 792 972 praecepit,
816 890 869 953 sed
894 892 1009 954 statutis
1035 895 1217 975 temporibus
1238 905 1268 960 et
1287 897 1377 960 boris.
1422 898 1477 961 Ubi

350 997 440 1058 etiam
463 1003 494 1058 et
516 1015 533 1057 a
557 997 664 1077 quibus
687 993 833 1058 celebrari
855 997 927 1075 vult,
951 998 1017 1078 ipsc
1032 1000 1236 1063 excelsissima
1252 1021 1306 1065 sua
1326 1004 1477 1069 voluntate

350 1101 494 1179 delinivit,
517 1106 549 1162 ut
570 1101 715 1184 religiose
738 1101 834 1163 omnia
859 1103 1023 1165 secundum
1048 1105 1114 1185 eJus
1137 1104 1354 1188 beneplacitum
1380 1109 1476 1171 adim-

349 1205 448 1286 pleta,
478 1209 600 1286 accepta
625 1210 726 1267 essent
749 1204 892 1267 voluntati
915 1208 989 1288 ejus.
1036 1208 1092 1281 om
1117 1229 1192 1291 ergo
1217 1211 1376 1292 assignatis
1399 1219 1475 1276 tem-

349 1309 477 1390 poribus
501 1303 668 1372 oblationes
692 1327 761 1372 suas
781 1288 909 1389 inicium,
941 1314 1056 1392 accepti
1085 1320 1115 1376 et
1143 1315 1220 1377 beati
1248 1323 1334 1392 sunt3
1359 1317 1476 1381 Domini

349 1413 431 1487 enirn
452 1413 592 1475 mandata
611 1421 773 1495 sequentes
796 1432 856 1476 non
888 1415 1035 1479 aberrant.
1082 1420 1201 1482 Summo
1229 1421 1337 1502 quippo
1369 1438 1478 1484 sacer-

349 1519 415 1581 doti
444 1535 498 1581 sun
531 1537 654 1581 munera
688 1520 794 1592 tributa
829 1525 928 1599 sunt,
952 1521 1159 1585 sacerdotibus
1195 1522 1303 1586 ¹locus
1336 1527 1477 1608 proprius

348 1622 520 1702 assignatus
556 1629 617 1702 est,
656 1630 687 1686 et
720 1623 831 1686 Levitis
864 1642 918 1687 sua
955 1626 1115 1690 ministeria
1150 1629 1330 1692 incumbunt.
1382 1631 1476 1694 Homo

331 1725 474 1791 ·²laicus
496 1730 666 1811 praeceptis
689 1729 772 1792 laicis
796 1731 1018 1814 constringitur.

639 2109 641 2113 ,
743 2023 816 2087 XLI.
865 2024 1080 2090 Continnotio.

438 2147 648 2228 Unusquisque
671 2153 812 2226 vestrum,
836 2147 953 2226 iratres,
975 2149 1004 2210 in
1028 2166 1084 2212 suo
1106 2149 1221 2228 ordine,
1244 2152 1274 2212 in
1295 2151 1374 2213 bona
1395 2169 1473 2213 con-

347 2251 483 2330 scientia,
507 2252 719 2333 praescriptam
742 2253 896 2314 ministerii
919 2254 965 2316 sui
988 2255 1125 2335 regulam
1147 2271 1208 2315 non
1235 2255 1471 2336 transgrediens,

347 2356 378 2417 in
410 2355 567 2419 honestate
599 2358 663 2419 Deo
696 2357 807 2439 gratias
839 2364 916 2440 agat.
962 2359 1028 2422 Non
1061 2362 1090 2421 iu
1123 2358 1202 2420 omni
1235 2358 1320 2436 loco,
1356 2359 1474 2436 iratres,

347 2459 518 2524 offeruntur
540 2461 683 2523 sacrificia
707 2469 866 2542 perpetua,
897 2464 947 2524 vel
979 2464 1093 2541 votiva,
1125 2463 1173 2523 vel
1204 2479 1258 2542 pro
1291 2462 1420 2543 pcccatis
1443 2468 1473 2523 et

348 2564 482 2643 delictis,
513 2566 566 2626 sed
590 2565 805 2647 Hierosolymis
838 2573 965 2644 tantum;
994 2587 1093 2648 neque
1121 2568 1181 2628 illic
1211 2568 1240 2627 in
1272 2567 1379 2647 quovis
1403 2566 1471 2629 loco

346 2670 379 2732 fit
404 2670 532 2748 oblatio,
563 2670 617 2731 sed
642 2672 671 2731 in
693 2671 770 2730 atrio
794 2672 894 2753 templi
918 2673 953 2733 ad
977 2675 1086 2751 altare,
1119 2671 1279 2753 diligenter
1308 2671 1391 2752 prius
1421 2671 1472 2731 in·
1568 2658 1571 2665 ¹

347 2783 454 2858 specto
486 2775 632 2838 sacrificio
663 2795 679 2837 a
710 2772 853 2838 ³summo
883 2780 1042 2841 sacerdote
1074 2783 1104 2839 et
1132 2774 1291 2858 praedictis
1322 2774 1471 2835 ministris.

347 2881 406 2954 Qui
429 2881 537 2962 igitur,
569 2887 689 2961 praeter
711 2880 756 2959 id,
788 2882 867 2961 quod
898 2884 1041 2945 voluntati
1071 2882 1136 2963 ejus
1160 2884 1392 2942 consentaneum
1416 2884 1472 2956 est,

348 2985 459 3066 aliquid
484 2985 610 3063 iaciunt,
643 2987 747 3048 mortis
778 2987 924 3067 supplicio
947 2987 1116 3068 puniuntur.
1162 2980 1321 3059 ⁴Videtis,
1353 2981 1471 3060 fratres,

348 3108 408 3170 quo
432 3091 538 3171 majori
562 3091 735 3170 cognitione
759 3089 840 3171 digni
863 3109 965 3152 sumus
988 3089 1094 3168 babiti,
1119 3107 1156 3152 eo
1179 3087 1313 3172 graviori
1339 3087 1471 3169 periculo

348 3194 474 3256 obnoxii
497 3210 608 3255 sumus.
858 3182 861 3187 ’

348 3497 428 3540 iatam
438 3487 504 3555 apud
515 3486 668 3538 Hellenistas
678 3486 765 3552 luisse,
779 3497 805 3540 ut
815 3488 896 3556 signi·
925 3487 1025 3538 ferioris
1044 3487 1152 3551 ordinis3
1178 3503 1275 3538 summo
1295 3500 1358 3537 vero
1381 3499 1471 3535 sacer·

349 3577 469 3627 licaretur
492 3574 589 3626 alienus
613 3592 625 3625 a
651 3576 718 3625 tribu
737 3574 824 3637 Levis,
854 3583 897 3624 aut
925 3573 976 3624 doti
1000 3571 1101 3640 aliquali
1124 3575 1200 3624 modo
1224 3556 1299 3623 tribui
1318 3577 1404 3638 potest
1423 3569 1472 3620 boc

350 3661 688 3727 etiamproaapiabaronia.
717 3660 813 3723 Quibus
826 3661 897 3711 veri·
925 3659 1051 3723 officium,
1076 3676 1133 3710 cum
1158 3659 1205 3709 sub
1230 3660 1284 3724 ejus
1309 3656 1389 3707 oculis
1408 3671 1471 3721 per·
1492 3709 1496 3713 ,

345 3746 494 3810 similem,
518 3746 571 3812 jam
597 3764 609 3798 a
632 3748 766 3814 primaevis
784 3750 897 3812 scripto·
925 3755 1009 3796 actum
1034 3745 1110 3796 fuerit
1132 3745 1181 3796 boc
1206 3746 1345 3812 negotium.
1380 3746 1471 3792 Worr.

348 3833 420 3886 ribus
432 3830 631 3884 Christianorum
649 3849 738 3885 vocem
756 3829 833 3887 insuda
849 3832 897 3881 ad·
925 3836 1003 3882 Faar.
1034 3831 1111 3882 Forte
1129 3829 1168 3878 διά
1187 3834 1231 3878 τοῦ
1248 3826 1370 3897 ἆρχωρίως
1387 3826 1471 3874 nat.

347 3921 457 3972 bibitam
481 3934 539 3970 eme
562 3920 594 3970 ad
619 3919 808 3987 significandum
833 3935 897 3980 eum,
926 3918 1103 3984 conjungenda
1121 3925 1177 3969 sunt
1195 3932 1251 3966 curn
1270 3915 1470 3980 reacciperet-n

349 4009 394 4077 qui
414 4014 488 4058 mero
503 4005 573 4058 nullo
589 4007 726 4058 ministerio
740 4005 898 4071 tangebatur.
925 4002 983 4070 πρὸς
1000 4002 1029 4052 τὸ
1047 3999 1221 4067 θυσιαστήριον.
1246 4004 1326 4051 Fara.

349 4097 431 4146 cira.
961 4090 989 4154 4)
1010 4092 1090 4144 ctam.
1110 4091 1187 4141 Atax.
1205 4087 1222 4137 l.
1243 4103 1265 4138 c.
1284 4101 1309 4152 p.
1328 4079 1388 4132 613.

386 4180 418 4245 3)
437 4178 465 4231 ld
489 4186 544 4230 crat
566 4180 650 4245 potius
673 4176 833 4230 sacerdotum
857 4177 898 4226 in-
