3659 5209
603 516 724 587 lomim
741 516 900 573 Ertslonn
919 517 964 571 AD
984 517 1156 578 nominos,
1174 520 1217 577 lx.
1235 521 1267 578 X.
1432 526 1496 592 209

543 765 592 830 IX.
635 726 733 830 'Orate
752 785 814 846 pro
838 767 972 830 ecclesio
993 768 1114 850 Syriae.
1159 769 1325 834 salutatio.

353 886 361 941 .“
462 887 634 951 ¹Memores
658 897 756 952 estole
778 891 807 952 in
830 892 971 971 precibus
995 893 1103 953 nestris
1121 892 1267 955 ecclesiae
1283 884 1396 976 Syriae,
1421 913 1498 975 qliae

366 992 430 1057 mei
454 993 524 1055 loco
547 992 613 1056 Deo
644 1000 765 1074 pastore
795 995 894 1057 utitur.
940 995 1027 1058 Solus
1051 994 1142 1059 lesus
1166 997 1299 1060 Christus
1325 999 1401 1060 illam
1432 1002 1499 1062 vice

329 1120 332 1179 ξ
369 1098 510 1180 episcopi
540 1104 643 1180 reget,
675 1104 764 1179 atque
796 1107 896 1163 vestra
929 1100 1066 1162 charitas.
1111 1100 1176 1182 Ego
1211 1109 1308 1166 antem
1342 1103 1499 1183 erubesco,

329 1248 333 1285 ,
370 1221 413 1267 ex
437 1220 542 1264 eorum
565 1221 689 1266 numero
713 1205 786 1280 dici3
816 1223 876 1267 non
900 1204 977 1266 enim
1001 1221 1065 1266 sum
1091 1204 1216 1288 dignus,
1248 1213 1349 1288 utpote
1373 1209 1422 1289 qui
1444 1209 1500 1268 sim

329 1356 335 1395 ,
371 1305 521 1370 ‘ultimus
545 1325 649 1370 eorum
672 1316 703 1371 et
725 1310 887 1372 abortivus.
935 1310 1044 1371 Verum
1066 1310 1296 1373 misericordiam
1319 1319 1500 1374 consecutus

329 1460 337 1499 3
367 1430 458 1489 sum,
481 1419 514 1474 nt
537 1429 635 1473 essem
659 1402 781 1494 aliquis,
812 1414 837 1476 si
860 1415 956 1476 Deum
979 1431 1156 1495 consequar.
1201 1416 1314 1480 Salutat
1338 1435 1393 1479 vos
1416 1435 1500 1479 mens

329 1504 339 1607 ’,-
373 1518 497 1600 spiritns
520 1524 549 1580 ct
571 1518 699 1581 charitas
723 1520 931 1596 ecclesiarum,
955 1537 1033 1600 qnae
1056 1538 1103 1581 me
1123 1527 1307 1601 exceperunt
1331 1522 1501 1583 innomine

329 1674 341 1717 Η
373 1622 449 1687 Jesn
480 1623 605 1700 Christi,
639 1620 727 1686 3ηοη
757 1629 792 1686 nt
820 1630 1031 1686 transeuntem.
1076 1625 1191 1686 Etenim
1226 1624 1389 1704 ecciesiae,
1425 1646 1502 1708 quae

375 1729 447 1793 nilril
471 1729 507 1791 ad
532 1747 578 1791 me
602 1725 818 1809 lpertinebant
841 1732 870 1792 in
894 1732 959 1809 via,
984 1727 1089 1810 ⁵quae
1111 1729 1276 1794 secundum
1303 1749 1422 1794 carnem
1446 1737 1502 1810 est,

376 1854 424 1897 me
448 1853 503 1916 per
526 1835 660 1898 civitates
682 1828 934 1898 ‘comitabantur

810 2024 845 2087 X.
894 2023 1071 2087 Conclnsio.

329 2202 348 2247 Ι
372 2212 376 2221 ,
468 2144 596 2213 ⁷Scribo
621 2155 717 2210 aulem
741 2147 816 2208 hace
840 2145 925 2207 vobis
950 2163 967 2205 e
990 2144 1115 2226 Smyrna
1140 2164 1195 2226 per
1217 2145 1362 2225 Ephesios
1386 2148 1504 2230 dignis-

329 2306 347 2345 ,1
377 2258 482 2333 simos,
507 2256 557 2335 qni
579 2255 656 2317 beati
680 2253 897 2334 praedicentur.
943 2250 1057 2313 Mecum
1074 2251 1160 2311 etiarn
1176 2255 1222 2310 est
1238 2269 1303 2312 cnm
1319 2252 1383 2313 aliis
1406 2255 1503 2316 mullis

329 2338 344 2455 ἱ
376 2355 536 2437 ⁸Crocns,
568 2357 764 2419 desideratum
794 2356 863 2418 mili
894 2373 1012 2418 nomen.
1057 2354 1102 2416 De
1132 2354 1192 2433 his,
1224 2355 1274 2433 qni
1305 2372 1353 2415 me
1378 2374 1395 2416 e
1417 2358 1504 2437 Syria

329 2494 339 2561 ,-
375 2465 502 2529 Romam
525 2481 620 2544 nsque
644 2467 873 2543 praecesserunt
902 2459 939 2522 ad
969 2460 1094 2542 gloriam
1117 2459 1189 2535 Dei,
1222 2457 1331 2535 credo,
1363 2478 1420 2521 vos
1449 2479 1503 2523 eos

329 2628 333 2643 ‚
375 2569 564 2650 cognovisse
572 2589 581 2642 ;
604 2566 774 2628 annuntiate
798 2583 918 2646 quoque
938 2564 984 2640 its,
1009 2582 1054 2625 me
1071 2581 1166 2644 prope
1183 2579 1260 2624 esse.
1299 2562 1410 2625 Omnes
1426 2566 1503 2627 enim

329 2646 331 2663 Ι
374 2675 451 2739 Deo
470 2679 500 2736 el
522 2673 609 2737 vohis
633 2671 714 2753 digni
737 2676 822 2748 sunt,.
839 2675 869 2730 et
891 2687 944 2730 cos
967 2669 996 2730 in
1021 2669 1158 2733 omnihus
1180 2685 1320 2729 recreare
1337 2685 1392 2729 vos
1409 2667 1504 2732 decet.

374 2752 464 2843 llaec
484 2777 592 2857 scripsi
616 2776 702 2837 vobis
725 2781 793 2836 ante
816 2774 892 2836 diem
915 2771 956 2834 lX
971 2771 1117 2834 Calendas
1132 2771 1315 2853 Septembris
1338 2766 1369 2855 [⁹
1379 2772 1436 2835 hoc
1458 2780 1506 2837 est

374 2884 522 2948 vicesima
550 2877 669 2942 ¹⁰tertia
686 2877 839 2964 Augusti]
878 2878 992 2956 Valele,
1015 2877 1109 2940 iorles
1128 2894 1226 2958 usque
1241 2878 1272 2939 in
1287 2875 1385 2957 finem,
1410 2878 1505 2940 susti-

374 2995 489 3053 nentes
512 3003 568 3068 pro
589 2985 665 3048 lesu
689 2985 816 3047 Christo.
861 2982 967 3048 Amen.

374 3183 454 3236 viam
482 3186 649 3238 immuni,
679 3175 773 3241 opponi
800 3175 859 3225 viae
886 3171 931 3235 illi,
958 3171 989 3228 εἷς
1015 3172 1080 3226 τέλος
1107 3169 1133 3220 ἓν
1158 3165 1270 3233 ὖπομονῇ
1295 3166 1370 3234 Ἰησοῦ
1397 3173 1507 3236 Χριστοῦ

375 3283 430 3337 qna
445 3263 557 3332 lgnatius
575 3278 621 3328 per
640 3264 788 3328 martyrium
805 3261 836 3312 ad
850 3260 931 3312 Deum
959 3257 1038 3325 [Θεοῦ
1054 3256 1145 3325 ἡμῶν]
1180 3256 1286 3308 'sextum
1311 3267 1438 3322 nostrum,
1464 3260 1506 3309 cui

375 3353 520 3424 pervenire
538 3350 663 3418 sperabat.
960 3346 1098 3396 concordat
1112 3346 1199 3395 versio
1212 3343 1372 3409 Armeniaca,
1391 3345 1507 3397 defendit

418 3440 448 3504 6)
467 3434 587 3502 Προάγειν
614 3456 646 3485 .-;
671 3436 832 3502 προπέμπειν.
885 3430 931 3483 Tit.
961 3435 1090 3493 (littora,
1110 3429 1127 3481 1.
1148 3447 1169 3483 c.
1189 3447 1214 3498 p.
1234 3431 1277 3482 60.

377 3528 409 3592 3,
432 3525 473 3576 13.
502 3527 595 3574 Penne.
994 3519 1023 3581 8)
1043 3515 1239 3583 Clampetiae
1259 3517 1354 3585 Ephes.
1376 3534 1398 3571 c.
1418 3517 1442 3569 2.

418 3610 449 3675 7)
469 3606 933 3675 Locohnjnscapitissyrnscapp.4
996 3605 1024 3668 9)
1045 3602 1194 3669 Glossema,
1237 3604 1304 3672 quod
1346 3621 1395 3657 neo
1433 3614 1507 3657 vetus

378 3698 444 3752 0⁸5
472 3694 596 3764 epistolae
616 3695 646 3746 ad
667 3694 804 3745 Trallianos
822 3695 933 3745 versioni
960 3690 1089 3759 interpres
1117 3689 1226 3756 latinus,
1261 3707 1311 3742 nec
1340 3691 1508 3760 interpolator

377 3800 446 3840 suae
472 3783 584 3844 aditidit3
612 3798 626 3832 e
651 3782 735 3847 capite
760 3794 823 3832 vero
848 3789 934 3830 nostro
961 3780 1072 3847 agnovit.

377 3872 417 3926 nil
437 3869 527 3938 elegit,
546 3869 594 3921 nisi
612 3866 691 3921 verba
710 3867 812 3918 ultima:
830 3864 939 3934 ἕρῤωσθε,
980 3866 1025 3931 10)
1046 3865 1071 3917 L.
1090 3862 1198 3933 τετᾰρτῃ,
1225 3869 1351 3917 Romnae.

834 4148 1064 4163 m

440 4463 509 4506 ianm
523 4466 586 4513 rpon.
603 4458 637 4502 nl.
653 4460 687 4504 ιι.
