3659 5209
596 505 735 559 ΗΕΙΙΙΙΑΕ
754 505 889 560 PASTOR.
926 506 1024 560 LlBEll
1042 508 1060 561 Ι.
1099 507 1184 562 VISIO
1202 509 1232 564 ΙΙ.
1413 517 1477 583 327

349 706 353 715 -
441 669 474 732 ΙΙ.
512 669 582 732 Post
605 668 772 750 quindecim
796 677 893 732 autem
913 669 988 750 dies,
1011 691 1099 752 quum
1119 666 1313 755 jejunassem‚
1336 675 1477 738 multum-

329 792 412 857 qque
435 792 591 856 rogassem
615 775 788 853 Dominum,
803 775 946 853 'reuelato
970 782 1015 837 est
1038 777 1107 838 mibi
1129 779 1253 840 scientia
1279 776 1477 861 ¹scripturae.

329 878 425 957 ,Erat
448 885 545 942 autem
569 881 716 961 scriptura
740 882 832 943 baec:
866 896 994 959 „semen
1019 889 1116 960 tuum,
1147 882 1271 962 Herma,
1303 882 1425 965 deliquit
1447 888 1477 948 in

329 984 544 1063 q-Dominum,
562 980 575 1020 ²
591 991 620 1045 et
650 985 847 1066 prodiderunt
876 992 1016 1066 parentes
1047 1003 1121 1048 suos
1153 987 1182 1049 in
1205 988 1337 1067 nequitia
1360 1007 1476 1070 magna.

329 1089 388 1171 {Et
412 1085 598 1151 ³audierunt
611 1091 793 1170 proditores
816 1097 981 1187 parentum,
1010 1097 1039 1152 et
1058 1092 1222 1173 prodentes
1247 1088 1476 1173 ⁴prolecerunt.
1532 1086 1535 1097 '

348 1193 412 1263 Sed
436 1195 603 1256 etiamnunc
627 1195 801 1277 adjecerunt
823 1197 955 1278 peccatis
984 1197 1047 1258 sois
1077 1197 1215 1258 libidines
1246 1203 1275 1258 et
1304 1217 1477 1260 commacu-

344 1298 478 1363 lationes
512 1301 680 1379 nequitiae,
718 1307 748 1363 et
781 1302 826 1363 sic
858 1301 1056 1382 impleverunt
1089 1303 1257 1383 iniquitates
1292 1320 1371 1365 suas.
1417 1303 1476 1367 Sed

347 1404 521 1486 impropera
545 1407 636 1469 verba
660 1406 734 1468 hacc
758 1407 824 1469 liliis
848 1408 905 1469 tuis
930 1407 1066 1469 omnibus
1093 1413 1123 1468 et
1146 1408 1269 1490 conjugi
1292 1415 1375 1487 tuae,
1398 1427 1477 1488 quae

349 1507 450 1572 lutura
474 1515 519 1570 est
544 1507 660 1574 ⁵soror
683 1519 741 1574 tua.
786 1511 823 1574 Et
847 1513 909 1594 ipsa
933 1512 1009 1573 enim
1033 1519 1203 1593 compescat
1228 1513 1358 1595 linguam
1381 1531 1475 1592 suam,

329 1607 379 1677 'tin
405 1610 463 1696 qua
486 1614 677 1697 malignatum
704 1625 739 1679 et
762 1617 867 1679 auditis
891 1617 991 1678 verbis
1015 1615 1059 1676 his
1083 1617 1248 1678 continebit
1270 1635 1321 1696 sc,
1345 1623 1375 1679 et
1397 1637 1475 1680 con-

348 1726 494 1802 sequetur
516 1721 759 1784 misericordiam.
797 1717 983 1786 ⁶Erudietur
999 1721 1086 1798 enim,
1109 1730 1265 1803 postquam
1285 1706 1475 1804 impropera-

329 1827 432 1917 qveris
464 1825 504 1887 illi
534 1825 609 1888 haec
640 1827 748 1905 verba,
781 1844 859 1906 quae
891 1824 1039 1889 mandavit
1068 1827 1118 1887 ille
1149 1826 1331 1905 dominator,
1363 1833 1395 1889 ut
1424 1827 1475 1889 tibi

329 1929 534 2021 ,revelentur
580 1931 663 1992 'lunc
678 1932 864 1993 remittentur
879 1932 935 1993 illis
950 1938 1082 2012 peccata,
1106 1951 1183 2012 quae
1202 1933 1378 2014 jampridem
1397 1952 1475 2014 pcc-

329 2041 504 2129 ,oarerunt
521 2042 552 2097 et
568 2036 702 2098 omnibus
718 2037 839 2115 sanctis,
858 2037 907 2116 qui
924 2043 1126 2116 peccaverunt
1142 2055 1236 2117 usque
1253 2038 1281 2096 in
1298 2036 1474 2124 hodiernum

329 2140 438 2235 'diem
462 2141 487 2202 si
511 2159 549 2202 ex
572 2146 634 2204 toto
657 2141 748 2204 corde
771 2159 826 2202 suo
850 2141 967 2221 egerint
989 2140 1216 2220 poenitentiam,
1249 2147 1278 2202 et
1301 2141 1475 2203 abstulerint

329 2266 367 2341 qa
390 2247 531 2310 cordibus
554 2248 616 2310 suis
640 2248 846 2309 dubitationes.
892 2245 1010 2307 Juravit
1038 2244 1115 2304 onim
1148 2244 1313 2307 dominator
1342 2244 1392 2306 ille
1418 2264 1473 2327 per

329 2352 475 2448 ¹qlorinm
498 2368 580 2414 suam
603 2370 695 2432 super
717 2352 830 2413 electos
855 2368 938 2430 suos,
964 2344 1137 2431 ⁷praeliuita
1154 2351 1208 2412 ista
1226 2349 1283 2427 die,
1306 2349 1474 2411 etiamnunc

329 2458 375 2555 'si
399 2456 570 2539 peccaverit
592 2457 707 2537 aliquis,
730 2474 790 2518 non
815 2456 980 2517 habiturum
999 2455 1077 2515 illum
1097 2455 1229 2515 salutem.
1270 2453 1474 2517 Poenitentiae
1550 2466 1556 2544 J

329 2563 430 2659 tenim
462 2564 610 2645 justorum
645 2561 754 2622 habent
786 2560 870 2623 lines.
926 2560 1038 2641 lmpleti
1071 2566 1138 2621 sunt
1175 2559 1238 2622 dies
1272 2562 1474 2642 poenitentiae

329 2724 333 2766 Ι
352 2668 489 2733 omnibus
513 2666 641 2742 sanctis;
665 2667 802 2747 gentibus
825 2672 922 2728 autem
945 2665 1127 2747 poenitentia
1148 2682 1242 2745 usque
1263 2666 1290 2726 in
1312 2666 1474 2727 novissimo
1548 2677 1550 2680 ·

329 2773 410 2870 ,dio
455 2773 544 2834 Dices
575 2790 650 2853 ergo
683 2771 743 2848 eis,
775 2771 824 2850 qui
847 2776 989 2851 praesunt
1015 2769 1238 2843 ecclesiac‚·ut
1262 2769 1389 2851 dirigant
1413 2770 1474 2830 vias

347 2894 421 2945 suas
445 2879 475 2940 in
495 2878 618 2961 justitia,
641 2877 838 2956 ut·recipiant
862 2877 890 2936 in
914 2876 1004 2956 pleno
1024 2874 1288 2955 repromissionem
1304 2891 1368 2935 cum
1386 2872 1474 2934 multa

345 2985 457 3069 gloria.
502 2982 676 3043 Permaneto
700 2998 791 3062 ergo,
815 2981 865 3060 qui
889 2980 1052 3061 operamini
1071 2969 1232 3061 justitiam,
1258 2984 1288 3039 et
1311 2978 1354 3039 sic
1377 2977 1474 3054 facite,

344 3098 380 3155 ut
405 3090 444 3152 sit
466 3083 635 3151 ⁸transitus
661 3093 762 3147 vester
785 3103 850 3149 cum
874 3086 983 3148 sanctis
1007 3084 1131 3167 angelis.
1176 3082 1291 3145 Felices
1316 3100 1380 3161 vos,
1404 3082 1474 3162 qui-

383 3315 414 3384 1)
434 3313 475 3365 Sc.
493 3312 559 3363 illius
576 3310 671 3377 libelli,
690 3311 748 3363 mibi
768 3313 827 3364 dati.
960 3304 991 3374 6)
1011 3310 1029 3362 Ι.
1048 3328 1072 3363 a.
1093 3327 1124 3363 aa
1142 3311 1264 3377 corripet.

382 3403 415 3470 2)
434 3401 512 3452 Forte
531 3399 574 3451 filii
592 3401 631 3451 isti
644 3408 765 3465 parentes
777 3415 836 3451 suos
849 3400 898 3452 de·
961 3401 990 3468 7)
1010 3398 1057 3449 Dic
1076 3397 1164 3463 judicii
1182 3410 1258 3445 nemo
1276 3392 1388 3445 fidelium
1403 3392 1474 3444 salu-

339 3491 501 3546 nunciarunt
518 3487 583 3555 apud
600 3489 759 3555 magistratus
775 3505 896 3556 paganos.
926 3497 976 3539 tem
1008 3483 1266 3552 consequetur„qui
1296 3497 1362 3531 nunc
1390 3481 1474 3532 adbuc

339 3576 401 3631 cfr.
423 3577 578 3643 Hitpanfeld,
598 3574 613 3625 l.
630 3590 651 3624 c.
671 3591 695 3642 p.
711 3573 759 3624 127
772 3592 809 3643 sq.
846 3573 896 3626 cn.
926 3581 1023 3644 peccat.
1069 3570 1120 3621 co.
1146 3569 1194 3618 Vis.
1214 3568 1263 3633 lll,
1284 3568 1315 3617 2:
1345 3571 1373 3620 in
1403 3573 1474 3622 latero

333 3648 402 3717 Vis.
415 3661 487 3727 ll,3:
501 3665 557 3715 noti
568 3665 721 3716 meminisse
732 3665 898 3729 injuriarum
926 3666 1010 3724 diem,
1035 3666 1061 3709 et
1079 3658 1128 3709 Vis.
1148 3655 1190 3720 ΙΙΙ,
1209 3656 1239 3706 5:
1263 3658 1290 3708 ei
1313 3671 1383 3708 nono
1407 3672 1473 3724 poc-

338 3755 465 3826 filr‘orum
483 3758 622 3803 morum-⁴·
666 3767 670 3774 ·
916 3751 1061 3802 ‘nitentium
1087 3749 1202 3815 apariat,
1232 3747 1294 3797 dum
1321 3744 1475 3808 aedificatur

383 3839 416 3902 3)
433 3835 452 3886 Ι.
472 3852 495 3887 c.
513 3840 724 3889 norninobaator.
903 3837 1027 3897 ·torria‚
1053 3850 1115 3895 acm
1138 3835 1165 3883 ai
1190 3839 1371 3883 consummata
1391 3831 1475 3897 fuerit

380 3927 412 3990 4)
433 3923 451 3974 Ι.
468 3939 492 3976 a.
511 3933 644 3978 curarunt
655 3925 798 3991 nequitiam
811 3942 897 3978 arram.
926 3931 1082 3983 structura,
1118 3919 1179 3983 jone
1214 3920 1277 3986 quia
1311 3933 1365 3969 non
1400 3918 1474 3969 babet

384 4014 413 4077 5)
434 4010 494 4062 Scil.
532 4027 578 4078 par
614 4012 801 4062 continentiam.
847 4010 897 4062 cn.
926 4012 1020 4060 locum.
1343 4048 1348 4058 .

339 4102 459 4159 Tartutt.
486 4097 539 4150 Lib.
559 4097 628 4148 l.ad
648 4098 810 4169 onereb:
838 4109 898 4168 quot
960 4095 989 4161 8)
1008 4092 1027 4145 Ι.
1052 4109 1075 4144 e.
1103 4100 1133 4147 ot
1159 4091 1257 4153 mortui
1285 4105 1345 4141 com
1359 4088 1473 4156 *nopotis

339 4189 523 4252 stom-(runt),
541 4188 586 4254 qui
603 4201 734 4239 concensu
750 4190 814 4253 punt
830 4189 899 4248 inter
927 4182 1133 4252 commemini,
1168 4193 1214 4229 seu
1249 4185 1278 4231 ut
1307 4177 1393 4245 arrpeti
1422 4192 1473 4243 ¹ooa

339 4294 382 4333 ca
395 4276 561 4328 matrimonia*
579 4275 693 4326 debitum
710 4274 823 4324 tollunt?
845 4270 895 4322 cfr.
923 4278 1028 4339 portent
1057 4271 1086 4321 in
1112 4271 1201 4322 cirrum
1227 4266 1376 4317 Abrobonn‘.
1412 4261 1472 4317 Luc.

341 4380 404 4432 cap.
424 4378 479 4430 seq.
499 4367 525 4411 et
541 4357 596 4412 Lib.
615 4357 657 4410 ΙΙΙΙ
686 4357 745 4410 Sim.
764 4359 805 4424 Ill,
826 4360 867 4412 11.
925 4357 967 4421 to,
987 4356 1029 4409 22.
