3659 5209
616 516 809 571 staunton
827 516 852 572 S.
871 516 1062 571 tontcnnt‘t.
1081 518 1123 573 lx.
1141 519 1171 573 tt
1190 519 1232 574 xl.
1423 525 1488 591 283

329 678 409 745 tDe
432 685 536 742 cetero
560 677 717 742 adductum
740 694 807 739 eum
832 677 1028 760 interrogavit
1049 682 1229 762 proconsul,
1260 700 1297 746 an
1319 682 1385 764 ipse
1408 687 1490 759 esset

329 780 554 866 tl’otycerpus.
601 783 733 863 Cumque
765 789 928 861 annueret,
966 783 1138 848 hortabatur
1175 787 1245 865 iile,
1283 794 1314 849 ut
1350 794 1486 870 negaret,

329 875 482 956 idicens:
505 907 647 950 reverere
671 895 802 949 aetatem
826 897 927 966 taam,
959 889 1075 968 otiaque
1098 890 1143 951 bis
1166 899 1385 971 consentanea,
1410 912 1487 975 quae

329 1012 345 1053 n
360 993 408 1056 isti
436 991 599 1073 ¹proierre
620 992 736 1056 solent:
761 994 842 1071 jora
862 1011 921 1071 per
942 991 1103 1069 sartonam
1127 994 1293 1074 Caesaris,
1323 999 1485 1076 resipisce,

333 1095 571 1171 s²concioma:
603 1100 673 1161 totle
704 1099 823 1178 impios.
870 1099 954 1160 Tune
981 1098 1277 1182 Polycarposgrevi
1309 1120 1344 1162 oo
1375 1120 1485 1166 severo

329 1190 442 1266 nonita
467 1207 580 1265 turbem
605 1222 721 1281 omnem
741 1202 966 1281 sceleratorum,
990 1206 1039 1283 qui
1057 1205 1084 1264 in
1101 1202 1198 1267 stadio
1215 1214 1310 1285 erent,
1333 1198 1485 1288 gentitiur'n

329 1306 525 1386 boantum,
556 1320 734 1388 manumque
764 1309 794 1370 r'n
827 1326 880 1370 eos
913 1311 1090 1390 porrigens,
1122 1309 1267 1391 simulque
1297 1331 1420 1393 gemens
1451 1331 1487 1375 eo

329 1414 478 1483 beoelum
501 1415 667 1493 suspiciens
692 1413 780 1474 dixit:
803 1412 876 1474 tolle
899 1407 1052 1490 ³impios.
1097 1412 1230 1492 Urgente
1253 1433 1327 1478 vero
1350 1433 1487 1496 procon-

329 1519 426 1583 nsule
441 1525 531 1598 atque
548 1517 680 1579 dicente:
697 1519 788 1595 jara,
813 1525 843 1578 et
865 1517 984 1578 dimitto
1008 1523 1048 1591 te,
1071 1518 1204 1580 maledie
1222 1517 1369 1592 Cirist0;
1392 1519 1486 1603 Poly-

329 1650 335 1663 ·
351 1640 467 1705 eorpus
483 1624 654 1702 respondit:
680 1623 838 1701 ootopinta
861 1629 891 1683 et
912 1641 971 1685 ses
994 1622 1070 1683 anni
1086 1631 1169 1699 sant,
1194 1643 1235 1684 ee
1251 1643 1311 1704 qno
1327 1627 1430 1688 servio
1446 1627 1486 1704 ei,

329 1747 415 1792 'nee
446 1747 493 1788 me
522 1728 589 1788 ntia
618 1723 723 1806 offecit
753 1727 894 1805 injuria5
924 1735 954 1787 et
981 1727 1137 1805 quomodo
1156 1730 1278 1808 possim
1303 1731 1487 1794 maledicere

346 1833 426 1914 cepi
449 1851 528 1908 meo,
553 1834 605 1913 qai
628 1833 747 1894 satorem
769 1851 816 1892 me
837 1830 940 1908 fecit?

345 2027 393 2109 X.
419 2026 616 2107 Polycarpns
627 2024 661 2087 se
674 2023 886 2086 Cbristianam
895 2022 1073 2100 profitetur,
1084 2030 1115 2083 et
1125 2023 1164 2085 de
1176 2022 1302 2090 Cbristo
1315 2006 1401 2110 toqoi
1412 2031 1487 2093 enit.

447 2149 580 2230 Urgente
596 2166 699 2211 rursus
716 2148 765 2209 illo
783 2154 813 2208 et
829 2146 965 2206 dicenter
984 2146 1064 2223 jaro
1078 2162 1136 2222 per
1149 2147 1308 2226 {ortanam
1325 2150 1487 2229 Caesaris,

348 2238 531 2338 respondit:
556 2256 723 2317 sionnam
747 2273 788 2314 ea
811 2271 847 2314 eo
872 2252 1000 2331 quaeris
1022 2251 1166 2330 ploriam,
1189 2261 1225 2313 ot
1246 2272 1301 2333 epo
1319 2274 1378 2334 per
1403 2255 1488 2318 Coe-

348 2362 445 2439 saris
475 2348 657 2438 sartonam,
691 2366 739 2424 nt.
755 2367 787 2420 tn
811 2359 878 2433 ais,
896 2351 1061 2435 jarem,·⁴
1075 2357 1205 2419 simulas
1230 2366 1331 2420 antem
1353 2362 1487 2438 nescire,

351 2468 431 2548 qais
455 2466 534 2539 sim;
552 2467 660 2546 palam
683 2464 776 2526 andi:
801 2462 1001 2525 Christianus
1021 2480 1096 2524 sam.
1142 2462 1177 2522 Si
1198 2482 1273 2526 aero
1294 2464 1488 2527 christianae

353 2571 526 2634 doctrinae
559 2573 713 2632 rationem
745 2569 794 2631 ois
826 2569 969 2641 discere,
1005 2568 1054 2628 da
1077 2567 1141 2629 diei
1171 2571 1309 2646 spartam
1342 2580 1372 2632 et
1401 2554 1502 2633 nadis

352 2677 525 2741 Proconsut
550 2677 639 2737 dixit:
675 2673 690 2713 ⁵
700 2675 858 2754 persuade
878 2673 1008 2752 popolo.
1053 2671 1427 2761 Polycarpusrespondit:
1458 2684 1486 2737 te
1535 2662 1543 2681 ⁸

355 2782 485 2863 quidem
499 2800 640 2843 sermone
657 2782 784 2861 dipnnm
795 2789 892 2859 pnto;
917 2779 1019 2840 edocti
1034 2779 1113 2839 enim
1128 2797 1246 2855 samus,
1268 2775 1282 2816 ⁶
1289 2781 1488 2859 principibus

355 2897 390 2949 et
410 2886 633 2964 potestatibus,
657 2906 677 2947 a
699 2887 765 2948 Deo
788 2883 957 2958 ordinatis,
978 2890 1076 2961 preat
1097 2883 1201 2960 decet,
1224 2886 1374 2947 bonorem
1397 2884 1488 2961 nabis

355 3010 426 3054 non
440 3000 598 3057 nocentem
611 2989 735 3068 deferre
742 3009 753 3064 ;
770 2989 843 3051 illos
855 2988 1093 3067 oeroindipnos
1104 2996 1193 3068 pato,
1209 2989 1322 3070 qaibns
1333 2990 1488 3052 rationem

354 3096 503 3159 reddam.

355 3285 409 3350 Xl.
456 3285 520 3347 Neo
543 3285 728 3362 bestiarum,
759 3304 817 3346 nec
838 3285 922 3364 r'pnis
945 3285 1046 3347 minae
1070 3284 1276 3367 Polycarpum
1304 3296 1487 3366 perterrent.

452 3407 490 3472 At
512 3408 673 3490 prooonsul
702 3407 738 3469 ed
769 3409 864 3489 ipsum
896 3407 984 3468 dixit:
1019 3406 1135 3470 bestias
1157 3409 1276 3484 badam·
1305 3412 1354 3473 bis
1378 3420 1406 3473 te
1429 3411 1488 3472 ob-

349 3513 493 3595 jiciam,
516 3513 587 3585 ¹nisi
615 3514 820 3576 conoertaris.
847 3512 934 3593 ipse
965 3529 1040 3585 vero
1071 3516 1241 3594 respondit:
1274 3535 1399 3578 arcesse
1422 3535 1486 3593 eas,

357 3638 424 3683 nos
441 3618 528 3681 enirn
548 3620 664 3681 matari
687 3637 751 3680 non
771 3637 942 3697 possamus
972 3620 1176 3682 conversione
1198 3639 1219 3680 a
1240 3620 1422 3682 metioribos
1445 3621 1489 3682 ad

359 3725 546 3796 deterioro,·
576 3723 685 3785 bonnm
715 3730 906 3800 antemest,
938 3742 984 3784 me
1045 3725 1144 3813 'maiis
1170 3725 1213 3784 ad
1228 3725 1319 3802 Jasta
1342 3727 1487 3788 transire.

357 3831 479 3894 Rursus
512 3829 569 3890 iste
601 3828 638 3889 ad
668 3827 886 3908 Polycarpum>
918 3743 1169 3909 qnansspuidem
1201 3826 1319 3889 bestias
1353 3828 1487 3906 spernis,

357 3934 429 4016 iperi
445 3933 612 3995 tetradem
629 3933 878 4009 consumendam,
903 3933 967 3994 nisi
983 3932 1167 3994 sententiam
1182 3940 1289 3995 mutes.
1324 3914 1383 3994 Cui
1394 3931 1487 4014 Poly-

396 4106 427 4169 5)
446 4104 464 4156 l.
478 4121 500 4157 e.
515 4109 610 4160 audire
622 4116 645 4159 te
657 4109 727 4174 voto,
746 4084 774 4160 ei
790 4110 913 4176 apopnio
940 4120 1044 4158 eernere
1071 4103 1184 4155 voluisse
1208 4103 1317 4155 videtur.
1348 4102 1412 4153 vide
1432 4100 1488 4166 ejus

353 4196 534 4267 prolationem
564 4196 689 4261 supplicii
723 4196 837 4261 poteris.
856 4198 911 4246 im·
941 4194 1074 4258 Historiam
1093 4191 1186 4242 eccles.
1205 4189 1224 4242 l.
1246 4190 1269 4241 1.
1289 4206 1313 4256 p.
1334 4189 1392 4242 189.

355 4291 475 4356 patrare.
499 4277 616 4331 Neandro
635 4279 771 4351 proconsul
790 4279 912 4351 ignatium
975 4280 1005 4345 6)
1025 4278 1076 4330 cn.
1095 4277 1167 4330 Rom.
1188 4275 1229 4342 13,
1250 4276 1273 4329 1.
1292 4278 1316 4331 7.
1352 4273 1443 4363 Tite,
1463 4273 1486 4326 1.
