3659 5209
668 538 849 596 murana
867 492 1034 595 arrsrom.
1062 540 1151 609 ma
1429 550 1471 621 23

346 702 506 765 credamus
513 724 527 781 3·
557 703 743 766 circumcisio
766 701 863 780 enim,
894 702 924 764 in
949 720 1005 782 qua
1029 702 1069 764 itti
1093 703 1296 782 confidebant,
1326 708 1470 792 abrogata

346 813 404 868 est.
450 807 606 889 Praecepit
627 806 704 869 enim
729 806 893 883 Dominus,
921 807 1174 868 circumcisionem
1198 826 1257 870 non
1281 811 1377 873 carnis
1401 792 1471 875 es'sc

346 909 529 987 iaciendam3
561 911 602 973 itti
632 916 728 973 autem
756 915 947 991 praeceptum
980 908 1038 997 boc
1069 914 1250 993 transgressi
1280 920 1366 992 suut,
1401 919 1469 997 quia

346 1014 443 1076 nialus
470 1016 594 1097 angelus
620 1013 737 1096 decepit
760 1014 836 1076 ittos.
883 1013 933 1074 Ait
953 1012 989 1075 ad
1010 1031 1081 1074 eos:
1107 1013 1207 1076 'iaec
1228 1015 1306 1078 dicit
1326 1018 1470 1084 domiuus

345 1119 436 1179 Deus
454 1127 558 1179 uecter
578 1115 628 1201 [iu
652 1119 696 1180 his
720 1118 820 1180 verbis
842 1117 963 1179 inreuio
987 1114 1121 1180 2novam
1141 1116 1278 1202 legem):
1302 1123 1398 1185 notite
1419 1143 1470 1185 se-

346 1241 418 1283 rere
433 1241 527 1300 supcr
542 1225 668 1303 spiuus;
692 1221 951 1284 circumcidimini
964 1221 1100 1283 Domino
1119 1232 1233 1285 cestro.
1271 1223 1308 1287 Et
1323 1224 1394 1304 quid
1411 1224 1472 1288 vuit

346 1322 405 1388 sibi
436 1325 579 1389 Dominus
613 1326 700 1388 hisce·
730 1326 854 1387 verbis?
900 1322 1169 1404 ³Circumcidite,
1206 1326 1293 1404 dicit,
1324 1329 1472 1392 duritiem
1581 1375 1585 1381 -

347 1430 455 1492 cordis
472 1431 593 1507 uestri,
608 1439 639 1492 et
655 1431 805 1492 cervicem
820 1437 956 1492 cestrum
977 1449 1014 1491 ne
1032 1433 1196 1493 induretis,
1234 1432 1333 1512 Atque
1349 1434 1471 1495 iterum:

347 1532 465 1609 *eccm
498 1534 577 1595 dicit
597 1535 767 1610 Dominus,
798 1552 902 1596 omues
925 1544 1031 1613 pentes
1052 1536 1289 1598 incircumcisae
1311 1544 1402 1611 sunt,
1434 1555 1473 1598 ac

343 1640 545 1719 praeputium
567 1640 699 1712 babeam
727 1641 787 1702 iste
810 1659 885 1702 cero
905 1639 1043 1719 populus
1066 1636 1281 1723 [iudaeorum]
1309 1640 1404 1701 corde
1426 1650 1474 1702 act

346 1744 597 1806 incircumcisus.
642 1745 680 1806 m
700 1744 829 1824 inquies:
854 1749 883 1804 et
902 1761 978 1805 vero
998 1743 1046 1804 itte
1065 1744 1192 1824 populus
1214 1744 1378 1826 insignum
1400 1743 1471 1807 ioc-
1497 1795 1501 1802 .

347 1848 438 1910 deris¹
460 1847 707 1910 circumciditur..
737 1848 847 1909 Veruur
872 1853 901 1908 et
925 1847 1171 1909 circumciduntur
1194 1847 1262 1928 Syri
1286 1866 1405 1927 omneS,
1435 1867 1471 1911 ac

348 1953 481 2029 Arabes,
507 1969 541 2012 ac
564 1968 667 2012 omnes
690 1951 864 2012 sacerdotes
887 1952 1042 2012 idolorum.
1079 1952 1153 2012 Hinc
1172 1970 1247 2032 ergo
1265 1956 1412 2031 portinent
1429 1953 1470 2014 illi

347 2074 471 2137 quoque
494 2054 530 2115 ad
552 2054 670 2115 Domini
695 2055 929 2115 testamentum-'i
972 2053 1032 2117 Sed
1057 2061 1086 2114 et
1100 2053 1240 2134 Aegyptii
1263 2056 1469 2118 circumcisio·
1543 2135 1548 2141 .

347 2178 419 2221 nem
443 2163 594 2237 usurpant.
640 2157 752 2227 Discite
775 2157 882 2237 igitur,
913 2157 978 2234 titii,
1010 2137 1047 2217 de
1070 2157 1204 2217 omnibus
1227 2159 1359 2236 abunde,
1390 2159 1470 2240 quod

348 2262 545 2339 Abrahamus,
564 2261 613 2340 qui
629 2262 740 2340 primus
754 2260 833 2323 dedit
845 2262 1111 2337 circumcisionem,
1127 2261 1156 2320 in
1167 2261 1271 2339 spiritu
1286 2263 1469 2343 prospiciens

348 2369 378 2429 in
404 2363 540 2442 ⁶Jesum,
564 2364 753 2443 circumcidit,
779 2384 914 2428 arcanam
939 2368 1025 2428 trium
1044 2366 1207 2426 tittararurn
1227 2364 1389 2426 doctrinam
1413 2367 1471 2426 ad·

349 2470 465 2532 bibens.
511 2469 618 2530 Narrat
645 2470 722 2531 enirn
750 2471 913 2551 scriptura:
937 2466 1215 2533 ‚⁶ecctrcamctdu
1233 2467 1429 2529 Abruiaumus
1455 2486 1472 2529 c

349 2571 442 2636 domo
468 2591 527 2634 suu
549 2573 736 2643 CCCXVIII
759 2576 855 2636 ciros.
901 2574 984 2648 Quae
1008 2593 1082 2655 ergo
1108 2568 1177 2634 ⁷ttti
1201 2572 1229 2633 in
1252 2573 1312 2633 boc
1335 2571 1401 2633 duta
1425 2577 1472 2633 est

350 2677 509 2758 cognitio?
546 2677 657 2744 Discite
680 2680 774 2759 primo
794 2679 896 2740 decem
915 2686 944 2740 et
965 2683 1049 2754 octo,
1073 2676 1141 2737 dein
1160 2682 1321 2739 trecentos.
1362 2675 1471 2743 Decem

349 2789 448 2844 autem
472 2787 502 2842 et
524 2788 594 2842 octo
619 2782 837 2863 exprimuntur,
869 2801 923 2869 per
946 2782 956 2843 l
980 2782 1100 2858 decem,
1124 2801 1179 2862 per
1202 2782 1228 2842 H
1250 2788 1328 2843 octo.
1374 2780 1472 2843 Habes

350 2887 463 2948 initium
488 2886 615 2946 nominis
633 2884 713 2947 Jcsu.
761 2886 834 2960 Quia
859 2902 933 2947 vero
957 2905 1031 2948 crux
1056 2886 1083 2946 in
1108 2885 1201 2965 figura
1226 2885 1341 2947 litterae
1357 2885 1380 2945 Τ
1396 2901 1472 2964 gra-

350 2993 428 3051 tiam·
447 2988 660 3069 redemptionis
691 2994 812 3051 nostrae
839 2998 903 3052 erat
935 2992 1106 3072 signatura,
1138 2990 1207 3052 ideo
1240 2990 1279 3050 ait
1309 2998 1471 3052 trecentos.

350 3079 607 3173 Ostendit'itaque
622 3093 725 3155 Jesum
741 3095 769 3154 in
786 3094 901 3157 duabus
921 3095 1035 3172 titteris,
1056 3101 1084 3155 et
1099 3113 1217 3156 crucem
1233 3094 1261 3154 in
1279 3095 1371 3155 tertia.
1411 3094 1472 3156 Scit

349 3199 418 3275 boc,
436 3197 485 3277 qui
501 3192 701 3278 8profundius
718 3196 827 3261 donum
845 3198 997 3260 doctrinae
1009 3217 1082 3260 suae
1095 3201 1193 3278 posuit
1206 3201 1235 3260 in
1249 3199 1344 3259 nobis.
1376 3199 1471 3260 Nemo

350 3304 447 3384 magis
459 3319 632 3384 germanum
643 3320 659 3363 a
669 3321 715 3363 me
728 3304 842 3382 accepit
855 3320 1022 3365 sermonem
1029 3301 1108 3377 ;·sed
1122 3303 1194 3380 scio,
1211 3319 1266 3363 vos
1277 3302 1383 3385 dignos
1393 3320 1471 3364 esse.

348 3493 386 3554 X.
427 3493 577 3556 Mandata
601 3495 639 3555 de
663 3494 761 3570 cibis,
786 3494 865 3554 mute
885 3511 906 3555 α
925 3462 1060 3556 iudaeis
1083 3493 1259 3569 intellectu,
1284 3492 1474 3565 Christiania

804 3605 877 3663 aunt
903 3607 1022 3675 aperta.
1109 3652 1111 3656 .

439 3712 561 3792 ⁹Quare
577 3726 673 3782 autem
684 3720 887 3782 Moses-dixit:
909 3715 1007 3785 ¹⁰uon
1023 3717 1251 3780 manducabitis
1266 3737 1361 3796 suem,
1379 3737 1475 3799 oeque

348 3823 508 3903 aquilum,
533 3841 632 3902 neque
655 3825 850 3902 accipitrem,
864 3809 973 3904 'neque
998 3842 1142 3900 coruum,
1166 3842 1223 3884 nec
1237 3823 1333 3885 ultum
1348 3826 1475 3903 piscem,

385 4011 416 4078 8)
436 4009 488 4062 cn.
506 4028 582 4079 supra
600 4026 654 4079 cap.
675 4012 694 4076 i,
713 4012 771 4064 Not.
791 4013 816 4063 4.
914 4018 918 4049 ¹
966 4012 1011 4079 10)
1031 4011 1109 4064 Levit.
1125 4011 1164 4063 11.
1184 4011 1259 4062 Dent.
1275 4010 1315 4060 tt.
1346 4008 1474 4058 flaccea-

295 4116 297 4121 ’
386 4099 417 4162 9)
435 4095 561 4150 Barnabas
583 4099 656 4166 leges
679 4098 803 4150 Mosaicas
828 4114 899 4151 more
929 4100 991 4149 citat
1016 4097 1162 4150 cBarnaba
1190 4100 1269 4152 Ctean.
1288 4099 1362 4148 Ateoe·
1383 4090 1474 4139 Siwm·

347 4183 579 4237 Alexandrinorum
594 4183 898 4251 attegoriceintcrpreta-
928 4183 957 4235 u.
977 4201 998 4233 c.
1021 4183 1061 4232 15.
1088 4202 1112 4251 p.
1132 4184 1197 4246 tor,
1223 4190 1248 4232 et
1275 4180 1326 4231 Lib.
1346 4176 1382 4237 V,
1407 4186 1430 4220 c·
1451 4169 1476 4220 8·

347 4281 399 4323 tur.
422 4267 899 4334 Gimssuesmtdccbmetc.pssi-Di.
927 4284 950 4336 p.
971 4270 1021 4319 677
1041 4269 1081 4319 eo.
1102 4268 1191 4318 Venet.

340 4357 406 4409 ’Ότι
425 4375 460 4405 =
478 4374 538 4420 cnr,
558 4362 677 4421 utsupra
697 4371 719 4404 c.
740 4354 756 4404 ⁷
774 4362 800 4405 et
819 4357 844 4406 8.

1427 4536 1566 4642 Ι
