3659 5209
409 550 495 625 nxxn
625 531 627 540 '
848 548 1094 621 raoneeunaux
1328 549 1543 620 [xxarramx

497 709 537 797 b)
569 712 710 778 Actorum
741 715 893 783 auctorem
928 711 977 774 diu
1010 717 1078 792 post
1109 711 1214 794 Ignatii
1246 718 1379 794 tempora
1418 712 1542 792 vixisse,

409 819 548 887 Dallaeus
577 837 594 881 e
625 817 813 881 sermonibus
844 817 991 901 conjecit,
1024 835 1101 897 quos
1128 837 1195 881 curn
1218 818 1345 900 l'rejenu
1369 836 1386 879 a
1411 817 1542 900 blurtpre

408 926 524 991 habitos
555 924 628 987 Acta
659 929 760 986 nostre
791 930 911 1003 praeter
948 941 1065 986 ornnem
1099 924 1163 985 veri
1203 942 1237 985 ac
1270 922 1372 986 decori
1408 923 1542 1004 speciem

408 1031 532 1095 linxisse
555 1035 636 1110 putat
659 1028 704 1092 vir
727 1028 776 1090 ille
799 1029 927 1090 criticus.
971 1026 1006 1089 Ei
1033 1027 1092 1108 jam
1116 1027 1294 1089 Pearsonins
1313 1026 1343 1110 ¹)
1372 1027 1541 1108 respondit

350 1144 354 1149 “
408 1144 573 1201 sermones.
591 1134 664 1196 istos
688 1139 771 1195 certe
795 1150 895 1213 neque
917 1131 995 1210 veri,
1019 1149 1118 1212 neque
1141 1133 1250 1195 decori
1265 1133 1400 1194 rationes
1420 1132 1541 1195 turbare

407 1238 622 1307 contendens·
645 1237 712 1300 Une
744 1243 854 1299 tuntum
886 1255 947 1300 vox
975 1231 1176 1316 κακοδαίμων
1200 1235 1245 1320 (c.
1269 1234 1337 1320 2.),
1367 1256 1386 1299 a
1411 1238 1540 1321 Trojano

406 1351 559 1427 usurpata,
576 1341 738 1425 objectioni
753 1341 792 1402 illi
809 1342 999 1404 occasionem
1013 1343 1188 1424 praebuisse
1202 1343 1331 1421 videtur,
1348 1361 1539 1423 quemnemo

406 1443 515 1514 dixerit
538 1447 709 1541 imperatori
734 1448 851 1510 minime
874 1449 1050 1527 convenire,
1074 1449 1124 1531 qui
1147 1468 1212 1511 eam
1237 1455 1321 1511 recte
1344 1449 1538 1511 intellexerit.

407 1557 465 1632 Qui
488 1556 566 1617 enim
590 1554 688 1632 novit,
720 1552 789 1634 quid
813 1555 851 1615 sit
871 1549 1089 1634 κακοδαίμων,
1122 1561 1151 1616 et
1177 1552 1326 1634 quomodo
1352 1551 1538 1615 Christianos

406 1661 436 1723 in
463 1659 578 1742 Judicio
610 1658 789 1739 compellare
819 1659 899 1722 soliti
931 1659 1040 1722 luerint
1072 1659 1197 1738 ethnici,
1232 1659 1318 1720 facile
1349 1659 1484 1738 sentiet,
1515 1663 1539 1719 et

405 1784 511 1829 nerum
542 1763 601 1826 boc
631 1770 661 1825 et
689 1763 830 1825 decorum
863 1782 942 1829 esse.
976 1764 1040 1832 ,Est
1071 1771 1169 1826 autern
1195 1756 1417 1842 κακοδαίμων,
1450 1771 1538 1827 uter

406 1861 502 1947 multis
519 1869 664 1950 exemplis
677 1868 856 1931 Pearsunins
873 1868 983 1947 docuit,
999 1870 1038 1957 nil
1055 1869 1144 1946 aliud,
1161 1888 1247 1951 quarn
1261 1869 1382 1948 ¹infelix
1395 1870 1489 1934 bomo
1501 1867 1536 1952 ί).

432 2046 437 2055 ¹
491 1974 650 2035 Praeterea
667 1972 855 2046 monendum,
872 1991 1029 2037 sermones
1044 1975 1149 2057 Ignatii
1166 1982 1195 2036 et
1209 1974 1337 2056 trajani,
1354 1994 1371 2045 a
1389 1975 1536 2056 scriptore

405 2080 548 2145 Actorum
572 2099 636 2142 non
658 2079 701 2140 οδ
722 2077 847 2142 verbum
869 2079 997 2158 relatus,
1031 2088 1244 2160 auctoremque
1272 2086 1410 2142 nostrum
1434 2081 1536 2143 eadem

405 2187 522 2250 lieentia
547 2203 631 2247 usam
656 2201 734 2261 esse,
758 2202 845 2264 quam
870 2185 990 2247 omnino
1015 2185 1148 2247 historici
1172 2187 1202 2247 in
1218 2184 1397 2255 enarrandis
1412 2185 1536 2249 aliorum

406 2291 593 2356 sermonibus
611 2289 666 2353 sibi
682 2289 877 2352 vindicabant.
924 2287 1037 2360 Quodsi
1054 2308 1126 2371 eg.
1147 2290 1244 2370 capite
1261 2290 1281 2352 2
1297 2289 1448 2374 Trajanns
1465 2290 1535 2353 deos

406 2397 559 2480 gentilium
583 2396 750 2458 doemones
774 2391 911 2474 appellat,
935 2401 1016 2456 certe
1033 2394 1209 2475 scriptorem
1225 2393 1420 2457 christianum
1439 2396 1536 2458 verbis

406 2481 573 2566 christianis
596 2507 724 2563 mentem
748 2498 868 2578 urnjnni
890 2499 1071 2579 exposuisse
1100 2498 1188 2562 facile
1210 2500 1386 2582 perspicies.
1452 2531 1455 2539 ·
1494 2556 1497 2563 ,

493 2605 529 2692 c]
561 2607 740 2670 Anthentiae
770 2611 977 2691 argumentum
1007 2602 1075 2664 inde
1106 2623 1226 2685 quoque
1256 2605 1341 2667 nobis
1375 2606 1535 2686 petendum

406 2711 532 2791 videtur,
548 2712 627 2792 quod
641 2711 716 2774 Acta
732 2709 806 2771 baec
822 2726 928 2789 pressa
941 2708 1273 2789 simpliciqueoratione
1284 2710 1342 2772 sint
1354 2713 1534 2794 conscripta.

492 2816 538 2878 lV.
577 2816 757 2878 Postremum
773 2812 917 2877 Actorum
933 2812 1037 2894 lgnatii
1053 2820 1164 2894 partem
1181 2813 1321 2894 spuriam,
1338 2820 1369 2874 et
1384 2815 1423 2878 ab
1441 2818 1535 2878 inter·

403 2921 541 3004 polatore
564 2919 692 3000 quodam
716 2924 854 2995 assutam,
878 2919 1009 2981 arbitrati
1024 2927 1093 2982 sunt
1108 2919 1258 2998 Usserius,
1277 2919 1407 2982 Grahius
1425 2928 1459 2984 et
1474 2921 1534 2996 alll;

404 3027 514 3103 causis,
536 3032 566 3087 ut
589 3013 658 3087 mihi
682 3022 808 3102 videtur,
831 3041 891 3085 non
914 3022 1139 3087 sufficientibus.

493 3127 530 3212 a)
561 3128 742 3191 Postremum
771 3127 912 3191 Actorum
943 3135 1055 3210 partem
1086 3129 1115 3191 in
1147 3130 1239 3192 altera
1270 3130 1360 3192 latina
1391 3131 1534 3201 versione

404 3235 517 3300 codicis
541 3233 707 3295 Cottoniani
731 3232 855 3311 deesse,
885 3234 1004 3294 minime
1027 3250 1188 3315 negamus,
1217 3232 1270 3295 sed
1294 3233 1374 3294 hunc
1398 3235 1533 3311 codicem

404 3341 514 3404 nullius
529 3338 712 3403 auctoritatis
728 3355 807 3414 esse,
824 3355 864 3398 ex
879 3339 926 3416 iis,
941 3357 1019 3419 quae
1034 3356 1124 3419 snpra
1139 3359 1166 3420 p.
1177 3337 1291 3400 LXVlll
1307 3337 1457 3419 diximus,
1468 3341 1533 3404 satis

403 3449 528 3526 apparet
535 3465 545 3521 ;
567 3444 694 3524 luceque
717 3440 908 3520 eudemus,
932 3430 1129 3522 interpretem
1148 3445 1251 3523 istum,
1275 3442 1380 3524 Ignatii
1403 3443 1533 3506 adventu

316 3533 321 3539 ”
405 3549 434 3611 iu
452 3549 533 3614 'urbe
553 3554 687 3625 narrato,
710 3565 726 3610 a
749 3547 881 3628 genuino
898 3546 1223 3629 Actorumexemplari
1243 3545 1279 3607 ad
1304 3545 1422 3624 fabulas
1441 3549 1533 3635 inter·

403 3647 548 3735 pnlatoris
569 3669 640 3713 sese
663 3652 859 3714 convertisse.
903 3651 1007 3717 Exstat
1031 3658 1127 3714 eutem
1149 3651 1299 3734 posterior
1320 3649 1372 3712 illa
1387 3651 1532 3715 Actorum

394 3774 491 3838 pars,
515 3774 531 3817 e
554 3756 664 3819 Grabio
688 3756 717 3817 in
741 3747 860 3818 dubium
882 3762 1007 3835 vocata,
1031 3757 1060 3818 in
1084 3757 1226 3820 versione
1248 3754 1360 3818 codicis
1386 3737 1532 3832 celensis,

404 3870 435 3937 et
459 3863 488 3925 in
511 3880 623 3944 graeco
647 3862 809 3944 exemplari
831 3862 1000 3925 Perisiensi.

491 3963 530 4050 b]
547 3967 577 4031 Si
593 3966 732 4029 Grahium
748 3965 861 4044 audias,
877 3973 980 4048 aperte
996 3966 1052 4028 sibi
1068 3965 1193 4028 invicem
1205 3981 1378 4045 repugnare
1390 3964 1532 4028 videntur

402 4070 459 4134 lste
482 4071 574 4133 verba
597 4089 622 4133 c.
646 4071 694 4151 7.,
725 4088 803 4152 quae
834 4071 863 4131 in
893 4072 1035 4133 versione
1066 4077 1168 4132 nostra
1191 4051 1381 4131 itn‘sonnntt
1413 4068 1533 4161 Horam

403 4193 462 4240 aes
484 4176 547 4256 ipsi
568 4160 761 4256 spectatores
782 4173 873 4252 facti,
897 4193 991 4254 quum
1006 4174 1040 4235 tn
1056 4175 1204 4255 lucrymis
1224 4181 1319 4236 totum
1334 4180 1464 4250 noctem
1479 4192 1532 4237 ea·

439 4311 468 4379 1)
486 4311 617 4364 Vindicius
635 4310 689 4383 lgm
709 4309 735 4371 Ρ.
749 4309 779 4362 ll„
799 4325 821 4362 c.
836 4311 868 4362 12
884 4310 951 4381 apud
975 4367 977 4373 ,
1003 4311 1044 4380 2)
1062 4313 1190 4366 Peenno.
1208 4309 1225 4363 l.
1245 4326 1267 4364 c.

404 4395 515 4454 Colater.
535 4399 562 4453 T.
581 4398 611 4454 lL
630 4414 657 4465 p.
677 4398 726 4450 lll
746 4414 801 4468 sqq.
962 4323 969 4468 ι
1239 4434 1244 4446 ,
