3659 5209
353 569 381 624 S.
401 566 612 638 rouuount’t]
707 556 713 571 '
797 567 1054 625 ruotaoouuua.
1367 574 1486 631 mxlii

350 731 515 815 Polycarpi
548 733 688 814 martyrio
724 731 801 796 lama
830 739 942 794 tantum
975 750 1009 794 ac
1042 750 1163 807 rumore
1196 740 1283 798 tenus
1313 736 1485 818 audiissent,

351 837 470 899 litteras
489 836 637 898 dederunt
654 838 690 899 ad
706 839 938 921 Smyrnaeorum
959 838 1126 918 ecclesiam,
1149 846 1300 923 rogantes,
1322 850 1353 905 ut
1369 851 1483 923 cuncta,

354 942 487 1034 quaein
511 942 671 1004 beatissimi
696 945 751 1006 viri
775 944 913 1025 passione
936 948 1021 1024 gesta
1050 943 1184 1021 fuerant,
1217 946 1384 1029 singillatim
1410 967 1483 1029 per·

355 1047 470 1128 scripta
492 1045 528 1109 ad
549 1048 631 1128 ipsos
655 1048 856 1111 mitteremur:
896 1046 983 1121 Quod
1015 1050 1134 1130 quidem
1170 1051 1363 1114 libentissime
1391 1072 1483 1134 prae-

355 1153 497 1215 stiterunt
518 1152 691 1234 Smyrnaei,
716 1155 824 1235 scripta
848 1154 884 1215 ad
907 1155 990 1234 ipsos
1014 1155 1158 1235 epistola,
1187 1174 1274 1235 quam
1299 1157 1326 1219 in
1351 1159 1483 1220 manibus

353 1257 507 1320 babemus.
553 1257 585 1319 ld
608 1266 705 1321 autem
728 1258 984 1321 subindicantbis
1007 1260 1107 1322 verbis
1136 1257 1181 1344 (c.
1207 1257 1284 1344 20):
1317 1255 1408 1341 ὑμεῖς
1428 1258 1485 1340 μὲν

350 1348 410 1425 οὖν
442 1350 600 1448 ἠξιώσατε
631 1355 686 1427 διδ
719 1353 874 1427 πλειόνων
906 1360 1091 1448 δηλωθῆναι
1126 1353 1201 1443 δμῖν
1234 1355 1276 1426 τοί
1307 1359 1482 1447 peripsam<

351 1466 414 1531 Sed
434 1470 538 1547 primo
563 1487 641 1532 auno
664 1476 733 1553 post
756 1477 881 1532 mortem
905 1469 934 1533 S.
951 1469 1104 1550 Polycarpi
1127 1476 1191 1532 acta
1215 1469 1291 1532 hoec
1315 1473 1484 1554 conscripta

351 1590 425 1636 esse
449 1568 531 1635 inde
543 1593 582 1637 ex
605 1593 642 1637 eo
667 1582 799 1657 apparet,
823 1575 903 1655 quod
927 1576 1038 1656 primus
1061 1575 1124 1636 dies
1149 1576 1372 1638 anniversarius
1395 1576 1483 1659 hujus

351 1679 486 1760 martyrii
511 1679 641 1742 noudum
666 1680 840 1742 celebratus.
857 1680 921 1759 luit,
945 1688 978 1743 ut
1001 1700 1040 1742 ex
1063 1699 1125 1761 cop.
1153 1678 1192 1744 18
1215 1682 1421 1763 perspicimus.

442 1784 489 1846 lV.
535 1783 696 1865 Epistolam
731 1785 768 1846 de
803 1786 943 1869 martyrio
978 1786 1147 1866 Polp'carpi,
1182 1787 1302 1848 nomine
1334 1785 1481 1848 ecciesiae

351 1888 554 1970 Smyrneusisf
570 1891 606 1951 ab
626 1889 771 1953 Euaresto
796 1891 1004 1970 conscriptam,
1027 1891 1144 1952 Marcus
1167 1890 1295 1970 quidam,
1317 1907 1372 1952 seu
1397 1891 1480 1954 blar-
1546 1919 1553 1931 ·

351 1994 453 2056 lienus
472 1990 514 2076 ¹),
538 1993 575 2054 ad
598 1994 841 2055 Philomelienses
864 1993 987 2074 pertulit
999 1990 1042 2075 λ).
1086 1993 1245 2075 Exemplar
1270 2001 1367 2058 autem
1390 1996 1479 2077 hujus

349 2097 501 2180 epistolae
523 2098 625 2159 babuit
640 2097 802 2173 irenaeus,
827 2095 905 2176 quod
926 2097 1025 2175 Gojuo
1045 2099 1110 2178 epus
1131 2097 1291 2178 discipulus
1313 2099 1478 2181 descripsit,

349 2210 384 2267 et
409 2210 479 2283 post
502 2222 568 2265 eum
590 2203 740 2266 Socrates
764 2200 880 2284 quidam
904 2202 1089 2281 Corinthius,
1122 2207 1210 2281 alque
1236 2202 1327 2281 alius,
1350 2203 1479 2268 Pioniae

348 2309 479 2372 nomine
495 2304 536 2391 ³).
774 2304 777 2308 ’

350 2416 356 2433 “·
444 2414 477 2474 V.
513 2413 665 2495 Epistulae
681 2414 871 2495 smyrnensis
894 2411 1042 2474 ecclesiae
1062 2413 1203 2493 optimum
1220 2410 1366 2474 Eusebius
1389 2431 1480 2492 prae-

348 2519 425 2581 buit·
442 2519 659 2598 testimonium,
690 2521 739 2599 qui
763 2520 909 2599 potiorem
935 2518 1000 2599 ejus
1024 2524 1137 2598 partem
1162 2517 1304 2580 historiae
1327 2534 1401 2578 suae
1430 2517 1481 2577 in-

349 2623 457 2700 seruit,
481 2623 564 2685 hisce
584 2625 686 2713 verbis
700 2619 748 2706 ⁴):
772 2613 815 2684 Ἐν
836 2617 940 2706 τούτῳ
963 2615 1000 2685 δὲ
1023 2621 1196 2706 (tempore)
1218 2612 1480 2706 δΠολίκαρπος,

345 2722 507 2810 μεγίστων
526 2720 583 2812 ’τήν
605 2717 707 2790 Ἀσίαν
729 2719 1033 2812 α’ναθοονβησάντιον
1054 2725 1215 2811 διωγμῶν,
1238 2723 1406 2813 μαρτυρίαν
1428 2747 1479 2789 τε·

344 2831 502 2896 λειοῦταα
546 2821 814 2915 Ἀναγκαιότατον-
831 2830 871 2897 δὲ’
897 2830 997 2897 αἰτοῦ
1025 2828 1063 2896 τό
1094 2829 1201 2910 τέλος,
1234 2824 1402 2919 ἐγγράφως
1431 2824 1480 2895 ἐτι

341 2927 532 3025 φερόμενον,
554 2933 685 3023 ἡγοῦμαι
707 2936 772 3002 δεῖν
794 2935 895 3024 μνήμῃ
918 2939 977 3024 τῆς
997 2934 1140 3024 ἱστορίας
1157 2937 1249 3023 τῆςδε
1263 2934 1478 3000 καταθέσθαι.

347 3041 440 3107 Ἔστι
463 3039 499 3105 δὲ
511 3039 539 3128 ἡ
555 3043 662 3128 γραφηΙ
681 3038 715 3106 ἐκ
729 3036 910 3130 προσώπου
926 3033 965 3127 ἧς
980 3037 1075 3118 αὐτὸς
1091 3039 1253 3129 ἐκκλγοίας
1267 3035 1383 3128 ἡγεῖτο,
1405 3046 1478 3118 ταῖς

344 3140 430 3212 κατοί
460 3136 582 3212 Πόντον
612 3145 798 3235 παροίκίαις
828 3146 869 3212 τοί
899 3140 968 3212 κατ’
999 3144 1096 3213 αέτδν
1125 3139 1391 3234 ἀποσημαίνουσα
1422 3140 1478 3214 διδ

343 3236 472 3318 τοτ’των
492 3276 518 3315 κ.
541 3274 569 3316 τ.
591 3251 618 3315 λι
663 3256 836 3337 Sequuntur
859 3257 951 3317 verba
975 3256 1121 3337 epistolae
1143 3262 1273 3318 nostrae.

437 3359 567 3438 ibidem,
600 3360 756 3441 postquam
780 3360 938 3423 Eusebius
957 3361 1045 3423 multa
1074 3362 1196 3442 protulit
1218 3381 1258 3423 ex
1281 3379 1316 3422 ea
1340 3360 1476 3440 epistola,

345 3446 499 3530 concludit
519 3465 564 3526 bis
581 3465 698 3527 verbis:
728 3455 779 3528 Tc*¹
796 3459 854 3544 μὲν
878 3455 919 3550 δή
941 3456 1021 3527 κατοί
1043 3460 1097 3528 τδν
1117 3460 1300 3545 θαυμάσιον
1320 3460 1372 3526 καί
1394 3458 1477 3525 ἀπο-

346 3561 494 3636 στολικόν
517 3559 748 3654 Πολὺκαρπον,
774 3560 930 3635 ’τοιούτου
955 3564 1282 3654 κατηξίοντοτέλους,
1312 3568 1376 3630 τῶν
1396 3557 1477 3634 κατᾶ

344 3667 405 3760 τήν
426 3657 616 3757 Σμυρναίων(
633 3669 793 3760 ’ἐκκλησίαν
815 3666 966 3761 ἀδελφῶν
986 3670 1041 3759 τῆν
1063 3670 1220 3761 ἱστορίαν,Ι
1239 3669 1270 3738 ἐν
1291 3660 1313 3758 ᾗ
1334 3662 1475 3758 δεδηλώ-

344 3800 442 3861 καμεν
463 3769 566 3842 αὐτῶν
589 3774 756 3866 ἐπιστολῇ,
777 3773 1059 3860 κατατεδειμένων.

385 3987 413 4051 1)
431 3985 469 4037 lta
485 3982 588 4037 exbibet
606 3994 679 4038 vetus
697 3974 840 4052 interpres·
923 3986 983 4036 vitis
1010 3983 1110 4035 Petrum
1139 3983 1255 4035 oriental.
1284 3982 1341 4035 T.l
1368 3990 1395 4033 et
1419 3988 1476 4049 post

344 4098 346 4103 ·
382 4071 413 4137 2)
431 4071 495 4123 Vide
514 4072 614 4138 uanyr.
634 4071 767 4140 Polycarpi
787 4088 810 4122 c.
830 4072 872 4122 20.
924 4088 981 4122 eum
996 4073 1144 4125 Bollaudue
1157 4071 1238 4122 edidit
1249 4072 1273 4120 iu
1284 4068 1355 4120 Actis
1365 4067 1474 4119 Sancto-

383 4161 412 4222 3)
432 4148 580 4212 intucta.
601 4159 663 4210 Acta
675 4161 800 4228 quaedem
810 4158 835 4209 S.
844 4158 896 4210 Po·
925 4175 978 4210 rum
997 4157 1028 4209 od
1048 4157 1114 4208 diem
1132 4157 1165 4207 26
1184 4156 1286 4208 donuar.

343 4247 446 4314 lycarpi
473 4242 586 4315 spuria,
604 4244 691 4297 Pionio
718 4245 776 4297 huic
800 4248 896 4298 auctori
959 4245 1071 4310 attint
1091 4243 1155 4297 eccl.
1175 4243 1216 4308 lV,
1238 4243 1279 4293 15.

344 4335 412 4388 falso
430 4333 539 4400 tributa,
564 4335 664 4388 Petrus
689 4331 848 4388 Hattotxtuae
872 4335 897 4386 iu
