3659 5209
283 626 292 641 x
354 556 430 613 xcvr
564 626 567 629 Δ
792 551 1041 606 rauuuoouumr.
1238 590 1241 605 .
1348 553 1482 625 [rusroa

355 719 483 782 Hermae
513 700 679 780 convenire¹
707 717 827 780 omnino
858 714 910 777 vix
940 720 1048 796 potest.
1094 712 1257 776 Pervoluto
1288 733 1406 798 nempe
1433 717 1480 780 boc

354 824 445 902 libro,
469 821 545 884 baud
571 822 697 884 difficile
714 821 874 903 perspiciet
897 820 1119 900 unusquisque,
1145 826 1304 881 auctorem
1321 821 1414 884 inter
1435 822 1480 885 alia

356 945 394 990 eo
417 926 542 988 maxime
565 927 705 989 retulisse
727 945 781 988 sua
805 925 948 1003 consilia,
977 931 1009 986 ut
1038 927 1068 986 in
1096 926 1330 1004 controversia,
1365 927 1480 1008 primun

355 1031 456 1096 seculo
481 1029 616 1093 secundo
641 1037 704 1093 orta
725 1027 770 1112 ¹),
794 1035 921 1106 statuat,
954 1029 1025 1110 ipsis
1048 1029 1238 1112 gravioribus
1263 1032 1479 1112 peccatoribus,

355 1142 383 1198 et
406 1130 539 1197 moechis
562 1140 591 1195 et
614 1136 774 1216 apostatis,
802 1140 917 1196 restare
942 1137 1167 1214 poeniteutiam,
1195 1135 1339 1213 quamvis
1365 1139 1477 1201 unicam

352 1237 457 1302 Mirum
481 1257 555 1300 sane
578 1238 711 1319 videtur,
743 1240 822 1320 quod
846 1244 903 1299 tarn
928 1257 1029 1319 purum
1053 1239 1089 1300 ad
1113 1239 1170 1301 boe
1192 1240 1380 1320 consilium,
1411 1240 1477 1323 quod

353 1344 433 1407 clare
457 1343 555 1426 prodit
579 1349 699 1422 auctor,
723 1342 941 1420 attendebatur,
969 1363 1025 1424 qua
1049 1345 1262 1423 observatione
1286 1345 1386 1426 duce,
1409 1355 1477 1413 aetas

352 1451 509 1530 scriptoris
541 1448 779 1526 determinanda,
810 1448 888 1510 nulla
919 1448 1085 1510 laborasset
1117 1447 1304 1512 dillicultate.
1357 1451 1406 1514 Ex
1427 1453 1476 1534 ipsa

261 1586 263 1589 v
353 1572 444 1636 porro
468 1554 585 1615 ratione
609 1558 638 1613 et
660 1554 842 1615 institutione
873 1553 961 1635 bujus
991 1553 1058 1615 libri
1084 1553 1113 1614 in
1140 1559 1277 1634 promptu
1305 1573 1383 1619 esse
1405 1556 1475 1619 nobb

353 1659 481 1736 videtur,
504 1664 657 1720 auctorem
680 1659 809 1720 Pastoris
831 1659 1001 1721 Montanum
1014 1655 1046 1741 ⁹]
1065 1658 1196 1739 ,ejusque
1219 1661 1363 1736 asseclas
1387 1668 1474 1742 peiere

338 1765 513 1845 cogitasse.
548 1761 688 1825 blontano
706 1765 793 1841 enim,
814 1782 940 1826 unacum
956 1765 1094 1826 sociabus
1111 1765 1173 1826 suis
1188 1764 1326 1829 Priscilla
1346 1774 1377 1828 et
1392 1767 1474 1830 blari-

352 1867 439 1944 milla,
460 1867 566 1929 divinis
582 1868 812 1931 revelationibus
829 1869 1032 1951 gloriantibus,
1052 1869 1167 1950 quibus,
1186 1871 1314 1950 quaein
1334 1871 1473 1955 disciplina

279 1960 281 1964 ’
352 1952 510 2034 christiana
541 1974 667 2036 maxime
695 1973 890 2035 desideranda
914 1975 1066 2052 venirent,
1100 1974 1354 2055 instituebantur,
1385 1986 1473 2041 auctor

352 2084 456 2141 noster
471 2079 543 2142 alias
560 2079 759 2153 revelationes
775 2080 913 2143 divinitus
927 2080 1009 2141 datas
1022 2097 1176 2160 opponere
1189 2079 1358 2144 meditatus
1370 2083 1429 2144 est“
1439 2079 1472 2165 ³).

379 2261 387 2266 ,
439 2185 533 2258 Quum
558 2186 685 2267 denique
708 2193 811 2249 auctor
827 2187 956 2248 Pastoris
977 2186 1015 2246 de
1036 2190 1130 2247 morte
1146 2184 1373 2264 Apostolorum
1395 2185 1472 2270 (Sim.

350 2287 489 2371 lX,16.)
513 2296 541 2353 et
565 2291 602 2354 de
626 2310 720 2369 more,
743 2309 809 2352 cum
832 2289 1064 2352 subintroductis
1088 2288 1207 2351 vivendi
1230 2287 1327 2370 (Sim.
1347 2293 1397 2371 lX,
1416 2287 1471 2374 ll.)

293 2415 296 2424 ·
350 2396 442 2457 verba
465 2393 562 2472 faciat,
585 2414 644 2459 nou
669 2396 803 2457 Hennam
827 2395 1030 2475 apostolicum,
1052 2394 1106 2456 sed
1130 2393 1252 2456 fratrem
1271 2395 1318 2458 Pii
1335 2396 1357 2459 l.
1382 2398 1471 2460 librum

349 2507 481 2563 nostrum
505 2519 647 2578 exarasse
670 2506 815 2581 putemus.
891 2549 896 2552 .

436 2607 540 2684 Priori,
564 2611 595 2667 ut
617 2604 752 2682 vidimus,
775 2605 850 2685 parti
866 2606 1032 2667 sententiae
1049 2610 1169 2666 nostrae
1185 2602 1329 2668 Gratzius
1347 2608 1472 2690 adstipu-

348 2710 441 2790 latur,
473 2709 526 2772 sed
559 2709 656 2791 quoad
689 2717 801 2790 partem
833 2710 1032 2789 posteriorem
1061 2729 1077 2772 a
1105 2710 1191 2771 nobis
1213 2695 1394 2792 recedens,
1423 2729 1472 2775 nou

234 2817 242 2829 ‘'
315 2829 317 2833 ’
349 2799 526 2877 lratrern‘Pii
542 2814 564 2893 l,
588 2818 646 2876 scd
658 2832 835 2895 anonymum
853 2814 1008 2894 quemdam
1025 2816 1202 2895 scriptorem
1218 2816 1329 2880 seculo
1347 2817 1470 2903 secundo

269 2950 273 2963 =
346 2919 453 2981 librum
477 2919 555 2981 bunc
578 2919 783 2999 composuisse
806 2921 982 3002 suspicatur,
1007 2921 1125 2982 dicens:
1161 2921 1208 2998 ,si
1231 2941 1348 3001 nempe
1372 2933 1472 2989 uector

347 3024 492 3086 addictus
511 3023 628 3102 suisset
650 3024 799 3094 ecclesiae
822 3026 953 3102 letinae,
975 3026 1174 3107 Ronrunuque
1190 3029 1343 3106 pontifici
1365 3048 1470 3111 copro-

347 3129 444 3190 tionis
466 3129 593 3215 uinculo
617 3130 818 3207 conjunctus,
842 3131 1025 3193 certe-liber
1049 3133 1150 3211 ipsius
1173 3131 1281 3192 notior
1305 3137 1472 3213 eestitisset

299 3252 304 3262 ·
346 3232 481 3311 Latinis,
506 3215 599 3314 quom
624 3234 773 3297 Graecis“
792 3232 833 3318 l).
881 3236 1016 3298 Gratzius
1040 3236 1201 3320 bicverba
1223 3235 1407 3322 Hieronymi
1427 3258 1471 3301 re·

347 3339 449 3420 spicit:
477 3339 581 3417 ,opud
603 3342 755 3420 quosdam
774 3341 926 3403 Graeciae
950 3343 1099 3405 ecclesius
1122 3338 1217 3424 (liber
1236 3341 1396 3427 Pastoris)
1411 3347 1471 3425 jon

344 3445 470 3524 publice
493 3445 626 3524 lepitur5
649 3446 802 3508 ....sed
824 3448 909 3526 epod
928 3447 1062 3510 Latinos
1080 3465 1180 3527 poene
1203 3446 1333 3527 ipnotus
1359 3445 1469 3530 est“⁵).

381 3614 409 3683 l)
429 3586 501 3668 llonl.
520 3618 582 3673 Jot.
602 3617 730 3672 Mortuus
755 3619 787 3670 de
814 3621 893 3672 disci·
924 3621 1029 3673 Wetzer
1055 3630 1080 3672 et
1107 3619 1199 3673 Welte.
1240 3619 1377 3694 Freiburg
1404 3619 1469 3675 1851.

344 3702 414 3770 plina
448 3705 587 3770 poenitent.
636 3709 741 3760 Jacobs
759 3710 894 3762 Sir-mend.
922 3707 947 3760 Τ.
968 3708 1020 3760 Vll.
1039 3725 1063 3776 p.
1083 3708 1133 3759 255
1153 3717 1179 3759 et
1197 3707 1256 3760 266.

264 3794 274 3842 '1
344 3790 403 3842 hiat.
422 3806 497 3857 poen.
512 3790 643 3858 publicae.
674 3796 779 3848 Oreine
793 3793 824 3845 de
839 3797 892 3845 cri·
955 3793 985 3862 ³)
1004 3795 1193 3848 Planeanobis
1212 3795 1314 3848 recedit
1335 3801 1469 3851 numerat

345 3878 440 3928 minum
459 3877 601 3944 capitalium
619 3895 666 3947 per
683 3882 730 3933 tria
749 3883 833 3948 priora
846 3897 891 3932 se·
921 3882 1014 3947 (lehre
1027 3899 1077 3935 von
1091 3885 1137 3934 der
1151 3882 1245 3934 Persou
1262 3880 1372 3949 Christi,
1391 3880 1467 3936 eati.

345 3964 400 4016 cula
420 3964 589 4016 absolutione.
621 3965 697 4018 1730.
728 3969 752 4018 4.
920 3968 947 4022 T.
966 3969 985 4020 l.
1005 3969 1170 4037 p.·189sq.),
1190 3969 1368 4022 contendens:
1387 3972 1468 4023 librae

379 4051 409 4114 2),
426 4050 545 4103 Haeresis
559 4052 765 4104 lloutauistarum
777 4062 892 4121 tempore
919 4058 1029 4123 pastoris
1047 4056 1123 4124 paulo
1145 4067 1204 4109 unte
1226 4064 1346 4123 tempora
1368 4057 1469 4113 Montani

343 4137 381 4189 Pii
399 4137 427 4202 l.,
446 4140 537 4190 mediis
549 4140 629 4190 seculi
647 4140 753 4191 secundi
766 4142 891 4208 tempori·
919 4146 1036 4210 scriptam
1051 4159 1117 4207 ease,
1137 4151 1162 4193 et
1178 4151 1311 4196 auctorem
1326 4147 1387 4212 ejus
1399 4161 1468 4216 prae·

343 4217 399 4288 bus‘,
413 4233 489 4294 utque
502 4227 613 4278 nonnulli
627 4226 730 4291 malunt,
739 4226 791 4292 jem
801 4227 892 4280 Α.140
919 4246 1045 4281 cursorem
1065 4229 1225 4280 lloutauismi
1244 4230 1337 4284 luisse.

343 4310 438 4362 initium
464 4315 540 4381 cepit.
561 4297 629 4367 ‘cre
649 4329 715 4381 qnae
735 4314 767 4366 de
792 4315 840 4366 hae
863 4333 891 4367 re
952 4316 981 4383 4)
1000 4314 1090 4381 Gratz,
1108 4316 1125 4368 l.
1146 4334 1168 4368 c.
1188 4333 1212 4384 p.
1231 4315 1256 4368 8.

344 4396 525 4466 disputavimus
551 4399 576 4452 in
603 4397 812 4454 llircbeulexicon
840 4418 890 4456 vou
952 4402 980 4472 5)
1000 4402 1038 4454 Da
1057 4404 1116 4455 viria
1134 4403 1223 4457 illustr.
1242 4421 1266 4456 c.
1289 4406 1333 4461 to.
