3659 5209
341 558 548 630 emundata]
728 558 983 617 Paotuuouunn.
1339 570 1418 625 xxix

329 721 426 800 enuit,
458 728 683 804 peropportune
706 722 746 784 illi
770 721 838 785 loeo
862 724 1019 804 convenit,
1050 731 1081 789 et
1110 728 1296 793 accomodari
1317 736 1418 812 potest

347 824 478 907 Epistola
501 824 537 888 ad
561 825 649 888 finem
673 826 861 891 decurrente.

356 972 359 977 -
380 931 414 994 V.
458 931 523 993 lam
546 931 584 994 de
607 934 785 1014 intepritote
808 931 966 1014 dicendum
990 940 1046 996 est.

329 1029 359 1119 a)
381 1033 495 1099 Eodem
519 1054 597 1099 anno
617 1034 710 1115 1633,
735 1054 794 1118 quo
810 1038 935 1118 primum
953 1038 1078 1120 epistola
1094 1045 1198 1102 nostra
1215 1040 1292 1122 typis
1308 1043 1416 1126 vulga-

379 1140 475 1214 batur,
497 1140 583 1202 Hier.
599 1141 787 1223 Bipnoniae,
811 1142 889 1204 lctus
905 1142 1065 1221 Parisinus,
1088 1144 1287 1227 integritatem
1307 1148 1372 1228 oJus
1388 1149 1417 1211 in

382 1244 501 1307 duhium
518 1247 646 1324 vocavit,
671 1247 772 1327 plures
789 1246 937 1310 clausulas
954 1254 982 1309 et
998 1267 1092 1311 voces
1108 1251 1252 1332 epistolae
1268 1253 1418 1333 genuinae

380 1350 495 1414 additas
518 1370 588 1415 esse
611 1358 726 1433 putans.
771 1353 949 1415 Praesertim
966 1354 1031 1416 viro
1052 1353 1224 1418 doctissimo
1246 1356 1420 1438 displicebat

423 1453 462 1538 α)
486 1456 616 1519 narratio
640 1456 678 1519 de
702 1458 851 1521 Phoenice
874 1477 899 1521 e.
925 1453 986 1538 25,

423 1557 465 1644 β)
489 1559 655 1642 frequentia
680 1561 892 1644 Epithetorum,

420 1662 464 1748 y]
488 1684 551 1728 vox
572 1656 680 1738 λαϊκός
703 1685 728 1728 c.
751 1664 804 1730 40.
829 1672 858 1729 et

424 1767 463 1854 d)
486 1770 572 1833 locus
596 1772 698 1854 capitis
721 1771 780 1835 tt:
813 1773 864 1835 uhi
893 1772 1022 1837 eeclesia
1048 1773 1267 1839 corinthiorum
1296 1765 1419 1858 ἅρχαία

487 1881 620 1938 vocatur.

378 1982 438 2064 lpsi
456 1981 611 2063 respondit
622 1981 711 2061 liupo
726 1981 855 2043 Grotius
867 1979 909 2062 ¹),
924 1984 1001 2044 inter
1013 1982 1068 2044 alia
1081 2001 1216 2061 monens,
1234 1981 1415 2045 Clementem

329 2106 358 2150 te
382 2087 473 2149 dubio
504 2103 601 2165 aeque
631 2103 666 2144 ac
689 2090 840 2144 auctorem
865 2085 1009 2166 epistolae
1039 2087 1076 2147 ad
1098 2089 1251 2150 Hehraeos
1274 2106 1416 2168 graecum

329 2210 465 2255 amonem
500 2209 540 2253 ex
574 2188 696 2252 cruditis
728 2190 899 2251 auctoribus
932 2189 1087 2268 hausisse,
1120 2191 1249 2273 ideoque
1284 2193 1415 2255 liberiori

329 2297 436 2374 ctione,
458 2315 529 2374 non,
553 2302 585 2359 ut
608 2312 671 2355 eam
694 2292 770 2376 apud
796 2294 1013 2358 hebraizantes
1034 2295 1211 2372 invenimus,
1235 2296 1264 2358 in
1280 2299 1415 2360 minutias

331 2402 424 2477 ncisa,
447 2401 501 2463 sed
524 2400 637 2481 largius
660 2398 771 2472 lluenti,
796 2418 880 2462 usum
904 2418 983 2462 esse.

383 2504 469 2580 Quod
493 2505 693 2566 narrationem
718 2503 755 2564 de
770 2505 921 2565 Phoenice
937 2505 1050 2581 attinet,
1074 2501 1123 2563 alii
1139 2519 1261 2582 quoqne
1284 2507 1416 2563 veterum

342 2630 372 2692 g.
397 2611 515 2674 Tacitus
539 2607 664 2693 (Annal.
689 2610 734 2688 Vl,
759 2605 831 2690 29.)
856 2617 886 2671 ct
897 2608 1007 2672 Plinius
1031 2607 1084 2690 (H.
1100 2607 1135 2668 N.
1153 2606 1211 2684 Vll,
1228 2603 1279 2669 49.
1295 2604 1369 2685 Χ111,
1387 2603 1416 2669 9.
1500 2674 1505 2685 ,

329 2715 399 2793 111Χ,
423 2711 471 2798 9.)
495 2716 591 2777 eidem
615 2714 730 2777 sahulae
753 2714 840 2776 sidem
863 2714 1018 2776 habehant.
1053 2726 1055 2731 '
1152 2738 1154 2744 ·

381 2819 544 2882 Ecclesiam
570 2819 788 2883 Corinthiorum
807 2819 869 2900 Jem
893 2836 910 2881 a
935 2817 1104 2896 Clemente,
1131 2821 1272 2897 respectu
1294 2814 1416 2879 aliarum

329 2926 498 3004 elesiarum,
521 2913 652 3007 tippulae
674 2924 815 3005 appellari
838 2925 992 3005 potuisse,
1016 2939 1104 2984 neam
1128 2920 1259 3003 negabit.

380 3029 516 3111 Denique
539 3029 577 3092 de
600 3047 676 3092 voce
699 3023 805 3099 λαϊκὸς
827 3045 905 3108 quae
935 3027 1061 3090 dicenda
1092 3033 1177 3107 sunt,
1208 3027 1239 3087 in
1269 3023 1349 3089 notis
1379 3022 1416 3086 ad

340 3129 394 3199 40.
419 3135 571 3216 reperies.

337 3237 379 3324 h)
404 3239 497 3321 Supra
509 3259 537 3322 p.
546 3239 640 3302 xxvt
653 3238 790 3310 diximus,
804 3235 986 3298 Clementem
999 3233 1233 3297 Alexandrinum
1247 3232 1335 3294 multa
1348 3231 1416 3314 epi-

353 3372 357 3376 ·
402 3345 497 3408 stolae
514 3352 635 3406 nostrae
651 3345 745 3422 capita
762 3339 811 3423 (1.
829 3337 945 3404 9-1‘2.
965 3339 1013 3403 17.
1032 3339 1081 3403 18.
1098 3337 1149 3402 21.
1165 3335 1216 3400 22.
1234 3334 1283 3401 36.
1301 3335 1351 3399 38.
1366 3335 1416 3400 40.

401 3449 454 3516 41.
471 3448 521 3513 48.
538 3445 588 3511 49.
606 3444 657 3512 50.
675 3444 726 3510 51.
748 3442 832 3527 53),
856 3451 937 3508 tecto
959 3444 1084 3508 Romani
1107 3443 1265 3506 Clementis
1288 3442 1417 3519 nomine,

403 3555 612 3637 excerpsisse,
652 3559 682 3613 et
711 3550 882 3613 abbreviata
913 3549 990 3612 libro
1020 3556 1126 3630 quarto
1157 3549 1334 3613 stromatum
1366 3546 1417 3607 in-

401 3663 536 3723 texuisse
553 3655 594 3741 ι1).
639 3655 810 3719 Eduardas
841 3672 915 3716 vero
947 3654 1131 3716 Bernerdas
1160 3659 1189 3714 et
1218 3651 1359 3713 Clericus
1386 3651 1416 3712 in

403 3773 530 3844 utraque
553 3760 823 3825 Amstelodamensi
839 3748 1027 3822 coteleriana
1050 3758 1180 3821 editione
1198 3758 1315 3820 Petrum
1338 3773 1416 3836 apo-

405 3871 578 3934 stolicorum
602 3865 837 3947 suspicabantur,
867 3880 972 3927 omnes
994 3863 1051 3926 hos
1073 3863 1159 3927 locos
1182 3859 1416 3925 Alexandrinum

401 3976 500 4056 ipsum
521 3972 632 4033 hahere
655 3978 821 4050 auctorem,
844 3989 870 4034 e
901 3972 986 4053 cujus
1009 3969 1094 4033 libro
1118 3968 1324 4052 interpolatam
1347 3981 1416 4026 esse

373 4112 377 4116 ·
403 4086 536 4143 nostram
560 4077 714 4158 epistolam
736 4076 927 4140 centendunt.

380 4184 441 4261 lllis
463 4183 590 4247 accessit
611 4180 803 4244 Laurentius
827 4181 979 4244 llesheirn
1001 4181 1035 4259 ll.
1057 4178 1088 4242 0.
1105 4174 1147 4260 ³).
1191 4176 1250 4259 lpsi
1278 4171 1356 4236 enim
1386 4170 1417 4232 in

329 4286 359 4391 1)
385 4321 459 4390 Apud
485 4316 593 4376 coteler.
612 4317 678 4369 Patr.
699 4327 780 4386 apost.
801 4320 841 4371 ed.
905 4318 933 4381 2)
953 4315 1004 4368 ch.
1023 4315 1087 4367 inira
1105 4332 1131 4382 p.
1149 4315 1191 4366 66.
1211 4319 1262 4364 not
1281 4310 1305 4360 2.

329 4411 388 4489 arie,
409 4409 484 4461 1724.
504 4407 530 4458 Τ.
544 4406 563 4457 l.
582 4422 608 4475 p.
623 4404 673 4461 133
689 4421 728 4475 sq.
904 4404 934 4474 3)
952 4393 1415 4466 01014001.ο1ιτ.ωο]οτοιρ.2,11ιᾳ.

1452 4502 1536 4662 Ι
