3659 5209
347 543 377 599 s.
397 500 605 614 sirannus]
697 529 700 538 '
786 543 1040 599 avocationem.
1397 553 1476 608 xxm

347 704 463 769 codicis
487 705 710 791 Alexandrini
725 707 850 788 epistola
874 706 923 768 illa
947 706 1125 784 Clementis,
1157 708 1264 772 dudum
1294 710 1473 793 desiderata,

347 810 556 874 inveniebatur
576 810 604 897 Ι)
635 832 701 875 cum
733 811 900 896 fragmento
934 811 1056 874 alterius
1084 812 1168 894 libri,
1191 833 1289 896 ouem
1319 818 1475 901 catalogus

348 915 446 986 codici
469 915 620 997 praefixus
644 917 690 979 bis
712 917 817 979 litteris
840 917 955 1000 signat:

415 1040 582 1094 ...ernon
604 1016 771 1106 ἐ.....λη
793 1025 831 1084 Β.
843 1017 875 1104 ²)
900 1021 918 1082 i.
942 1039 968 1082 e.
992 1008 1174 1104 Κλήμεντος
1196 1016 1350 1111 ἐπιστολή
1371 1032 1409 1090 Β.

437 1125 597 1206 Utramque
629 1126 706 1188 banc
737 1126 898 1188 Clementis
932 1126 1087 1208 epistolam
1121 1146 1161 1189 ex
1192 1132 1392 1194 vetustissimo
1426 1134 1474 1196 illo

349 1229 455 1294 codice
477 1232 589 1314 primus
614 1232 742 1295 omnium
760 1231 870 1295 Oxonii
889 1228 971 1294 1633
988 1230 1079 1293 edidit
1093 1231 1238 1296 Patricius
1253 1233 1371 1314 Junius,
1394 1239 1475 1320 regis

349 1336 517 1419 Anglorum
540 1336 783 1400 bibliothecarius
791 1358 800 1414 3
829 1335 1116 1419 voccs'deperditas
1141 1345 1171 1398 et
1193 1338 1307 1409 litteras
1331 1348 1477 1404 vetustate

349 1458 470 1519 exesas,
494 1442 599 1523 spatiis
623 1447 652 1504 et
676 1442 839 1505 interstitiis
857 1446 1003 1519 accurate,
1026 1448 1058 1504 ut
1074 1443 1203 1524 putabat,
1227 1442 1379 1524 dimensis,
1402 1463 1478 1527 sup-

348 1546 443 1629 plevit
465 1552 494 1606 et
509 1546 599 1609 minio
616 1547 736 1610 notavit.
771 1546 829 1611 Sed
846 1547 940 1629 ipsius
956 1546 1057 1621 editio,
1083 1554 1112 1609 et
1128 1566 1244 1627 ornnes,
1268 1550 1304 1612 ad
1321 1551 1478 1613 tunianarn

349 1656 485 1730 exactae,
509 1651 586 1714 vitiis
609 1652 748 1715 laborant
769 1670 828 1715 non
847 1652 959 1734 paucis.
999 1651 1065 1726 Quo
1082 1651 1189 1714 lactum
1207 1660 1261 1733 est,
1287 1662 1317 1718 ut
1332 1657 1479 1718 llenrieus

349 1756 522 1834 Wottonus,
551 1775 568 1817 e
592 1757 664 1820 Coll.
689 1756 717 1820 S.
741 1756 868 1820 Jobann.
891 1757 1007 1841 Evang.
1032 1756 1067 1819 A.
1091 1757 1128 1819 Μ.
1153 1759 1286 1822 codicem
1310 1768 1416 1824 mstum
1440 1760 1478 1823 de

349 1878 432 1924 novo
456 1870 595 1928 accurate
618 1862 796 1944 inspiceret,
828 1871 858 1926 et
881 1869 993 1924 textum
1017 1861 1174 1925 lunianum
1203 1867 1339 1948 octogies
1370 1885 1477 1928 emen-

350 1965 437 2029 daret
459 1973 489 2029 et
511 1966 672 2048 suppleret.
711 1967 759 2029 Sic
782 1967 893 2047 prodiit
919 1964 1223 2051 littl'Cantabrigiae
1245 1972 1336 2033 editio
1352 1972 1477 2034 Wotto-
1523 1992 1527 1999 “

350 2071 451 2148 niana,
474 2071 504 2132 in
528 2088 596 2150 qua,
620 2088 696 2149 quae
716 2071 840 2130 aberant
856 2088 872 2129 a
889 2076 965 2130 msto
983 2071 1154 2149 exemplari,
1178 2075 1382 2138 minutioribus
1400 2077 1477 2158 typis

351 2174 499 2253 impressa
532 2172 658 2234 invenis.
704 2173 786 2234 Hanc
817 2172 976 2235 editionem
1007 2172 1177 2249 Gallandius
1209 2179 1264 2238 sibi
1294 2181 1478 2260 sequendam

354 2294 471 2339 summo
489 2278 560 2360 jure
583 2277 715 2357 censuit,
748 2278 798 2358 qui
829 2278 951 2359 insuper
981 2278 1059 2340 notis
1090 2284 1120 2341 et
1150 2281 1331 2362 conjecturis
1355 2283 1477 2346 aliorum

353 2381 486 2448 virorum
510 2380 700 2462 eruditorum,
724 2383 815 2463 ltlillii,
840 2382 935 2461 Birrii,
958 2383 1058 2464 Freyii
1077 2391 1146 2462 etc,
1169 2384 1198 2446 in
1223 2386 1401 2447 elaboranda
1425 2407 1479 2449 sua

351 2485 486 2548 editione
509 2493 554 2548 est
576 2504 657 2550 usus.
703 2489 839 2572 Denique
861 2492 897 2550 Α.
917 2484 1012 2567 1838,
1040 2486 1124 2552 1840
1147 2496 1177 2550 et
1203 2487 1285 2552 1847
1309 2489 1396 2572 (edit.
1412 2487 1477 2572 ΙΙΙ.)

352 2590 464 2654 Oxonii
496 2609 513 2652 e
546 2592 751 2675 typograpbeo
784 2592 956 2657 academico
987 2593 1097 2677 prodiit
1133 2594 1223 2656 editio
1257 2593 1478 2676 elegantissima

303 2763 304 2767 ,
349 2694 499 2759 Guilielmi
521 2696 701 2777 Jacobsuni,
734 2699 784 2779 qui
807 2698 942 2763 codicem
965 2699 1203 2762 Alexandrinum
1227 2700 1333 2760 iterum
1357 2700 1477 2779 evolvit,

349 2806 466 2865 textum
488 2802 599 2882 passim
623 2801 805 2881 emendavit,
830 2804 1021 2884 conjecturas
1044 2804 1148 2867 doctas
1170 2789 1343 2886 proposuit,
1367 2811 1396 2866 et
1419 2815 1478 2866 an·'

349 2906 552 2969 notationibus
575 2906 699 2969 aliorum
722 2926 793 2969 suas
817 2907 925 2989 adjecit
941 2903 982 2989 ³).

398 3051 400 3055 ,
439 3010 503 3073 Nos
527 3029 592 3073 cum
610 3010 763 3074 Gallandio
787 3019 817 3073 et
832 3010 1006 3075 Jacobsono
1030 3031 1075 3092 ea,
1099 3031 1176 3092 quae
1198 3011 1275 3093 apud
1292 3011 1476 3093 Wottonum,

350 3122 428 3177 msto
453 3116 549 3178 codici
572 3116 661 3198 plane
678 3115 899 3195 adhaerentem,
923 3118 1031 3179 vitioso
1050 3117 1097 3177 vel
1114 3116 1251 3178 obsoleto
1268 3135 1351 3179 more
1367 3119 1476 3198 scripta

349 3219 587 3299 inveniebantur,
610 3198 796 3300 mutavimus,
820 3241 913 3284 voces
938 3228 967 3284 et
990 3222 1114 3300 litteras,
1138 3218 1268 3301 quaein
1292 3221 1396 3283 codice
1417 3224 1475 3284 de-

349 3329 438 3403 sunt,
470 3325 554 3388 uncis
585 3315 774 3408 inclusimus,
807 3331 836 3388 et
859 3327 1062 3390 Jacobsonum
1092 3326 1228 3406 aliosque
1257 3325 1340 3400 viro-s
1370 3326 1475 3390 doctos

350 3427 445 3491 duces
468 3429 632 3508 babuimus,
654 3449 671 3492 e
694 3431 806 3493 nostris
830 3450 961 3513 quoque,
984 3433 1160 3513 praesertim
1179 3431 1209 3494 in
1226 3432 1474 3512 annotationibus,

349 3533 496 3596 nonnulla
517 3533 720 3616 proterentes.

388 3775 418 3844 1)
438 3774 524 3829 Codex
545 3777 622 3829 llstus
646 3772 802 3845 epigraphen
821 3793 899 3845 prae·
929 3774 954 3828 S.
973 3775 1123 3844 Polycarpi,
1148 3785 1246 3844 patrum
1266 3775 1474 3843 apostolicorum,

334 3869 414 3915 'stntz
432 3863 666 3914 ΚΟΡΙΝΘΙΟΥΣ
673 3865 707 3913 Λ.
729 3847 784 3916 'cte
797 3868 900 3920 Jacob·
929 3880 995 3931 quae
1013 3872 1156 3930 supersunt.
1194 3863 1326 3915 Accedunt
1344 3863 1369 3915 S.
1386 3863 1476 3930 Ignatii

349 3968 418 4017 ann,
439 3948 525 4002 Patres
544 3959 624 4018 apost.
646 3951 704 4003 edit.
719 3951 748 4002 ll.
764 3950 790 4002 T.
805 3950 822 4003 l.
837 3969 861 4020 p.
875 3953 899 4021 2.
929 3958 955 4001 et
978 3949 1003 4001 S.
1022 3949 1155 4017 Polycarpl
1175 3950 1299 4016 llartyria.
1336 3949 1374 3999 Ad
1401 3948 1476 3997 fidem

386 4036 417 4103 2)
436 4034 486 4088 cu.
506 4040 651 4103 dacoleno,
664 4037 680 4088 l.
696 4055 717 4090 e.
731 4055 755 4105 p.
768 4037 830 4089 Xlll.
856 4038 901 4089 ln·
929 4037 1043 4088 codicum
1057 4040 1194 4101 recensuit,
1207 4034 1412 4088 adnotationibus
1425 4049 1486 4082 va·-

349 4125 495 4192 scriptionis
520 4125 545 4174 in
570 4123 653 4176 fronte
678 4124 803 4193 epistolae
823 4126 901 4192 ipsius
928 4125 1021 4175 riorum
1048 4131 1074 4175 et
1097 4125 1148 4175 suis
1173 4123 1325 4184 illustravit,
1351 4119 1475 4170 indicibus

349 4218 385 4263 n'c
405 4209 513 4262 litteram
533 4210 634 4278 quidem
652 4210 776 4279 integram
795 4212 901 4280 praebet
929 4211 1044 4261 instruxit
1061 4214 1221 4264 Gnitietmus
1235 4211 1369 4263 Jacobson
1389 4204 1418 4254 Α.
1433 4204 1475 4269 lt,

350 4295 416 4351 Cod.
436 4297 522 4348 llstns.
559 4299 695 4350 dacoleno
720 4297 736 4348 l.
756 4315 777 4350 n
797 4314 820 4366 p.
841 4298 900 4348 220.
929 4295 1009 4360 (Prot.
1043 4295 1131 4347 Theol.
1168 4298 1193 4346 in
1223 4294 1339 4346 Univers.
1372 4289 1474 4353 Oxou).

387 4385 416 4450 3)
437 4383 462 4435 S.
476 4380 615 4434 Clementis
628 4380 742 4450 Romani,
760 4383 785 4438 S.
800 4383 901 4454 lgnatii,
927 4381 1053 4448 llTomi,
1072 4383 1152 4434 editio
1170 4383 1250 4434 tertia.
1289 4377 1381 4453 Oronti
1401 4375 1475 4427 1847.

404 4489 471 4530 l’ntren
485 4492 548 4538 apost.
563 4486 601 4528 lid.
615 4486 651 4527 tv.
774 4456 777 4465 ⁴
1125 4456 1175 4495 ‘'l‘'
1244 4468 1268 4530 B
