3659 5209
532 511 654 568 luduin
672 511 830 569 bruslum
850 513 894 569 Al)
917 514 1142 577 rolucuuruu.
1161 517 1203 573 111.
1222 520 1265 575 tr.
1284 522 1315 575 v.
1421 526 1485 592 239

348 673 461 741 omnia
484 675 632 738 sustinere
657 693 711 739 nos
736 682 862 758 oportet,
887 683 919 741 ut
934 678 1043 760 etipse
1060 698 1115 743 nos
1130 681 1283 745 sustineat.
1318 683 1486 767 studiosior

345 781 429 862 iias,
456 801 542 863 quam
567 800 609 848 es.
656 783 825 866 ¹Tempora
847 785 1010 867 perpende.
1055 785 1145 863 Eum,
1173 787 1224 867 qui
1247 784 1346 850 ²ultra
1370 796 1484 872 tempus

347 893 419 966 cst,
447 893 605 968 exspecta,
628 887 869 970 intemporalem,
892 889 1078 967 invisibilem,
1101 897 1225 972 propter
1250 910 1305 955 nos
1329 894 1484 977 risibilem,

348 989 619 1074 ‘impalpabilem
649 993 856 1074 impatibilem,
888 1001 1013 1076 propter
1041 1012 1097 1057 nos
1127 995 1293 1077 patibilem,
1326 1000 1375 1078 qui
1406 1001 1485 1063 omni

346 1097 449 1160 modo
472 1104 596 1179 propter
619 1115 675 1185 nos
697 1099 844 1161 sustinuit.

662 1271 666 1277 ¹
767 1290 813 1354 IV.
861 1289 1071 1355 Conlinootio.

359 1478 373 1489 ‚,
444 1411 560 1474 Viduac
582 1430 621 1475 nc
643 1413 840 1496 negligantur.
886 1409 981 1478 ⁴l’ost
1002 1414 1157 1478 Dominum
1179 1421 1211 1477 tu
1234 1432 1334 1479 earum
1364 1390 1484 1480 curator

345 1518 406 1583 sis.
454 1516 533 1579 Nihil
555 1519 620 1579 sine
645 1525 694 1580 tua
717 1520 867 1582 voluntate
890 1519 955 1599 bat,
983 1538 1081 1600 neque
1105 1527 1135 1582 tu
1158 1520 1316 1602 quidquam
1340 1521 1406 1584 sine
1428 1522 1483 1583 Dei

348 1618 536 1686 ὃιἰιΙιιιιιιιῑιι
559 1641 649 1706 agas3
680 1623 760 1704 quod
784 1642 840 1685 nec
865 1624 955 1704 sacis,
979 1621 1095 1706 ⁶quum
1119 1626 1162 1687 sis'
1184 1634 1333 1689 constans.
1381 1620 1483 1689 ⁷Cre-

346 1727 439 1807 brius
464 1734 628 1791 conventus
651 1727 729 1791 fiant.
775 1728 951 1792 Nominatim
976 1748 1079 1793 omues
1102 1724 1247 1810 ⁸quaere.
1294 1725 1431 1796 ⁹Serros
1455 1738 1484 1821 et
1587 1808 1589 1813 Ι

341 1832 478 1897 ancillas
502 1851 540 1895 ne
564 1840 735 1896 contemnas
743 1855 752 1911 ;
776 1834 830 1896 sed
856 1854 912 1898 nec
935 1836 990 1917 ipsi
1014 1836 1195 1917 superbiant,
1223 1855 1327 1899 rerum
1350 1836 1386 1900 ad
1410 1837 1483 1921 glo-

346 1940 431 2003 riam
455 1937 510 2009 Dei
532 1938 598 2020 plus
622 1940 770 2018 serviant,
801 1948 833 2002 ut
863 1941 1009 2022 potiorem
1040 1941 1202 2003 libertatem
1233 1941 1337 2005 aDeo
1369 1961 1483 2005 consc-

347 2050 493 2127 quantur.
537 2042 604 2107 Non
636 2044 822 2120 desiderent,
857 2046 1061 2107 communibus
1093 2047 1256 2127 sumptibus
1288 2065 1306 2108 e
1338 2049 1483 2110 servitute

347 2148 471 2230 redimi,
494 2168 533 2212 ne
556 2151 637 2213 servi
660 2150 848 2212 inveniantur
871 2148 1045 2231 cupiditatis.

405 2343 441 2406 V.
464 2422 469 2430 ,
491 2341 574 2418 Ouid
596 2345 754 2424 conjupes,
780 2342 925 2420 coelibes,
948 2361 1083 2422 sponsos
1106 2350 1229 2405 moneat
1251 2342 1427 2421 episcopos.

445 2461 471 2502 ¹⁰
486 2465 577 2529 llalas
600 2473 679 2529 artes
706 2466 794 2550 fuge3
826 2467 921 2548 magis
952 2473 1049 2529 autem
1080 2466 1117 2528 de
1147 2467 1203 2529 illis
1237 2484 1337 2529 coram
1368 2462 1478 2546 populo

352 2568 527 2652 ”loquere
566 2572 725 2636 Sororibus
747 2573 820 2634 meis
841 2571 941 2650 dicito,
963 2579 996 2636 ut
1010 2573 1168 2636 Dominum
1186 2578 1293 2651 ament,
1318 2577 1347 2632 et
1368 2570 1479 2631 maritis

348 2681 515 2761 contentae
547 2677 606 2740 sint
639 2695 729 2739 carne
763 2696 797 2739 ac
831 2679 943 2758 spiritu.
998 2677 1136 2741 Similiter
1169 2684 1199 2738 et
1231 2676 1370 2738 fratribus
1400 2673 1478 2741 ¹meis

348 2778 463 2843 manda
499 2780 530 2843 in
565 2783 685 2844 nornine
718 2781 792 2846 Jesu
826 2782 951 2862 Christi,
990 2789 1022 2845 ut
1060 2783 1182 2866 diligant
1219 2782 1367 2864 conjuges
1408 2795 1479 2841 suas

354 2882 471 2947 ”sicut
492 2884 634 2948 Dominus
657 2887 821 2951 ecclesiam.
867 2889 897 2953 Si
921 2888 987 2970 quis
1010 2895 1109 2968 potest
1130 2889 1160 2950 in
1188 2888 1322 2950 castitate
1347 2900 1479 2961 manere,

349 2987 393 3053 ad
425 2987 571 3052 bonorem
600 2992 682 3074 ejus,
716 2994 766 3073 qui
803 2992 827 3032 ¹³
842 2995 986 3057 Dominus
1019 3001 1065 3057 cst
1099 2995 1216 3073 carnis,
1254 2993 1283 3054 in
1318 2989 1479 3053 bumilitate

372 3144 422 3213 10)
441 3144 460 3197 l.
479 3161 502 3197 c.
521 3146 599 3199 malas
618 3147 756 3212 doctrinas,
776 3147 904 3213 haereses,
933 3149 1009 3199 etiarn
1028 3149 1053 3199 in
1071 3146 1201 3200 veteribus
1219 3145 1378 3199 versionibus
1402 3144 1480 3196 latinu

350 3248 403 3288 neu
433 3235 537 3302 negocia
565 3251 631 3304 quac
659 3228 904 3287 Christianumnon
934 3242 960 3285 ct
978 3235 1081 3300 Syriaca
1100 3249 1151 3284 non
1168 3235 1318 3302 reperiatur,
1336 3248 1404 3286 nunc
1422 3246 1479 3285 cam

350 3322 457 3382 decent.
489 3320 539 3373 Cir.
558 3320 612 3390 lgn.
632 3322 664 3374 ad
677 3319 834 3389 Philadelpb.
854 3324 905 3375 αθ
933 3323 1096 3373 omittendam
1115 3323 1211 3389 putari.

352 3407 805 3477 etc-orarcn‚c0rp.1gn.p.272.
838 3412 905 3464 but·
952 3408 995 3470 12)
1015 3407 1108 3475 pres.
1127 3409 1153 3472 5,
1173 3408 1214 3459 25.
1246 3451 1248 3455 .

350 3500 461 3569 horam
478 3495 494 3547 l.
515 3511 537 3547 c.
555 3511 581 3563 p.
595 3496 629 3546 26
648 3499 737 3548 vertit:
755 3500 830 3564 „liic
847 3498 905 3565 fal·
951 3495 996 3563 13)
1015 3493 1034 3545 1.
1054 3511 1078 3545 c.
1097 3497 1169 3562 ejus,
1190 3496 1234 3564 qui
1252 3512 1366 3565 corporo
1385 3501 1479 3546 noalra

351 3586 629 3638 seben-Rcdcluinrtc
654 3586 749 3653 illeiis,
779 3585 906 3637 victmebr
932 3585 1086 3647 resumitur,
1104 3591 1128 3636 ct
1147 3583 1480 3648 crrjocmemirccarpora

350 3669 421 3724 rodo
443 3688 495 3724 uon
520 3673 629 3724 uolcbcn
646 3668 772 3741 Dinpcn“
797 3685 862 3737 quac
880 3670 906 3718 in
932 3680 1026 3722 nostra
1047 3678 1119 3722 curri.
1157 3667 1207 3719 Clr.
1226 3666 1237 3718 l
1251 3665 1309 3719 Cor.
1330 3666 1416 3731 6,14.
1437 3665 1478 3715 15.

354 3757 523 3826 sequentibus
540 3765 667 3822 notantur,
687 3772 710 3807 e.
729 3771 754 3824 g.
775 3755 905 3807 sororibus
932 3761 1073 3812 Juuooson.
1114 3753 1260 3806 lectionem
1287 3759 1409 3802 nostram·
1431 3752 1480 3803 dc-

350 3842 424 3913 'uueis
442 3844 518 3896 dicim
537 3847 586 3896 otc.
644 3896 647 3901 ,
772 3896 779 3902 ,
933 3842 1142 3896 tenditllbltorn
1161 3841 1211 3892 lc.
1232 3857 1257 3908 p.
1273 3837 1314 3889 18.
1349 3833 1398 3887 Alii
1417 3835 1479 3887 red·

377 3930 459 3994 11³1.
479 3947 502 3983 e.
522 3934 672 4000 frequentor
696 3933 830 3984 orationes
856 3946 904 3983 co·
933 3928 1007 3980 dunt:
1026 3931 1059 3981 od
1077 3932 1200 3983 torrorem
1219 3929 1311 3979 corruis
1324 3925 1478 3977 dominicae.

354 4021 532 4088 rom-populo
556 4021 588 4070 rte
611 4021 654 4070 bia
677 4000 756 4070 matio
775 4018 906 4069 doctrinis
933 4014 989 4066 Puri
1007 4015 1083 4066 modo
1107 4014 1182 4064 etiarn
1202 4010 1281 4076 Syrus
1302 4017 1328 4060 ct
1346 4008 1479 4060 Armenius

356 4108 511 4161 talearum.
548 4101 611 4155 Olim
638 4119 694 4154 cum
721 4101 906 4170 Interpolatore
932 4108 1045 4164 vertunt,
1064 4116 1095 4152 ac
1112 4102 1133 4151 si
1151 4099 1286 4166 legissent:
1306 4095 1338 4154 εἷς
1355 4090 1426 4157 mpla
1441 4094 1480 4155 τῆς

355 4191 424 4260 legi:
453 4186 550 4253 ὁμιλίαν
572 4186 706 4261 punctari.
742 4187 824 4250 Quum
844 4204 905 4240 uero
932 4183 1015 4253 σαρκός
1032 4189 1076 4235 τοῦ
1092 4189 1188 4252 κυρίου.ι
1213 4187 1288 4239 Nolle
1307 4181 1424 4248 conjicit:
1448 4177 1480 4235 ric

356 4276 481 4348 pflriicula
502 4275 621 4344 negativa
639 4290 691 4326 nou
710 4274 791 4327 solum
811 4276 836 4326 in
858 4290 905 4327 co·
932 4270 1002 4337 τιμήν
1021 4272 1065 4322 τοῦ
1082 4275 1175 4340 κυρίου,
1199 4273 1238 4334 τῆς
1254 4267 1337 4337 σαρκός
1358 4265 1385 4317 ἓν
1400 4261 1480 4316 ainau·

356 4367 415 4421 dica
443 4363 561 4417 Medicoo
591 4369 684 4430 (textus
711 4364 827 4432 graeci),
859 4362 905 4416 scd
932 4362 1005 4429 χησίᾳ
1021 4363 1127 4445 praeco,
