3659 5209
631 505 790 562 srtsroua
808 507 852 561 AD
872 508 1076 565 otosrtstun.
1096 512 1135 566 Vl.
1156 512 1209 565 vit.
1419 519 1482 584 309

350 674 579 749 exspectantes.
629 665 775 747 ¹Anima,
807 669 904 751 quoad
937 673 1032 736 cibum
1064 681 1092 737 et
1123 680 1223 755 potum
1252 677 1327 739 mate
1350 684 1482 758 tractata,

348 774 464 836 melior
495 773 541 849 srt3
575 781 603 834 et
632 773 804 853 Christiani,
836 777 986 857 suppliciis
1017 778 1133 858 affecti,
1165 780 1297 859 quotidie
1329 779 1481 859 ²numero

348 884 506 940 crescunt.
552 878 622 940 Tam
645 879 792 962 insignem
815 881 880 942 ittos
904 880 987 945 Deus
1011 890 1116 945 tenere
1139 884 1235 945 tecum
1260 886 1369 965 votuit,
1394 906 1482 968 quem

346 983 412 1046 illis
436 982 522 1048 nefas
547 990 593 1045 est
616 983 771 1066 defugere.

344 1177 413 1241 vir.
460 1177 585 1257 Religio
608 1175 783 1238 christiana
806 1195 826 1237 u
847 1176 915 1238 Deo
939 1177 1099 1257 instituto,
1132 1182 1186 1261 qui
1208 1202 1271 1245 uon
1293 1192 1481 1263 creaturam,
1565 1208 1574 1219 ·

514 1283 570 1344 sed
588 1282 753 1360 proprium
774 1282 872 1361 filium
897 1283 990 1344 misit.
1035 1285 1172 1348 Perusia
1198 1286 1324 1350 Christi.

372 1487 379 1499 .
445 1402 540 1468 ³Non
565 1405 642 1468 enim
665 1411 833 1480 terrenum,
857 1413 889 1466 ut
912 1405 982 1485 dixi,
1010 1408 1160 1470 inventum
1184 1409 1241 1472 hou
1264 1411 1321 1472 iltis
1345 1411 1481 1473 traditum

346 1518 418 1591 est,
453 1529 552 1592 neque
583 1510 737 1572 mortalem
769 1511 980 1591 cogitationem
1012 1518 1068 1574 tam
1096 1522 1235 1576 accurate
1258 1515 1481 1577 custodiendam

346 1618 411 1682 sibi
444 1622 585 1693 censent,
621 1634 719 1695 neque
751 1616 944 1678 humanorum
977 1620 1186 1699 mysteriorum
1218 1622 1392 1683 oeconomia
1425 1621 1481 1682 iltis

347 1724 514 1787 commissa
538 1727 584 1784 est
590 1742 601 1798 3
624 1720 677 1782 sed
700 1721 763 1801 ipse
786 1715 885 1782 ⁴vere
902 1723 1089 1803 omnipotens
1107 1724 1197 1801 Deus,
1220 1727 1348 1787 omnium
1364 1732 1481 1788 creator

348 1835 381 1893 et
408 1827 581 1903 invisibilis,
606 1845 623 1888 e
647 1825 739 1887 coetis
764 1827 917 1887 veritatem
942 1834 971 1888 et
994 1830 1122 1891 Verbum
1145 1837 1278 1892 sanctum
1306 1850 1341 1892 ac
1364 1833 1485 1894 incom-‘

346 1934 557 2020 prehensibite
574 1933 651 1993 inter
667 1931 802 1994 homines
829 1927 971 2010 ⁵locavit,
996 1939 1025 1993 et
1048 1933 1076 1994 in
1094 1935 1234 1996 cordibus
1252 1955 1354 1997 eorum
1370 1936 1480 1999 sumam

337 2040 468 2103 'bebere
502 2036 604 2098 sedem
638 2037 749 2111 voluit3
786 2054 864 2113 non,
903 2037 1149 2116 quemadmodum
1187 2039 1293 2119 aliquis
1328 2044 1480 2123 conjicere

347 2146 468 2230 possit,
493 2142 659 2206 hominibus
683 2143 846 2203 ministrum
871 2142 996 2221 aliquem
1021 2143 1158 2218 mittens,
1182 2150 1231 2203 aut
1254 2146 1408 2226 angeium,
1432 2154 1482 2208 aut

348 2251 531 2334 principem,
555 2248 754 2335 autaliquem
779 2264 892 2325 eorum,
918 2248 968 2327 qui
990 2253 1109 2309 terrena
1132 2248 1309 2328 gubernant,
1332 2252 1481 2329 quibusve

348 2357 521 2433 commissa=
537 2359 583 2416 est
605 2371 675 2415 cura
696 2371 795 2414 rerum
817 2353 846 2414 in
867 2353 961 2415 coelis
982 2352 1294 2428 administrandarum
1317 2352 1370 2415 sed
1387 2354 1482 2433 ipsum

349 2459 492 2544 opificem
516 2465 736 2521 etoreatorem
759 2457 906 2535 omnium,
938 2477 993 2540 per
1016 2475 1103 2537 quem
1128 2437 1231 2519 coelos
1255 2457 1403 2536 condidit,
1427 2475 1482 2538 per
1570 2452 1572 2456 ’

354 2585 448 2649 quem
472 2583 553 2627 mare
576 2564 638 2626 suis
661 2563 792 2625 terminis
816 2563 961 2625 conclusit
968 2580 977 2638 ;
1002 2564 1086 2644 eujus
1109 2557 1274 2644 ⁶mysteria
1297 2562 1422 2624 fideliter
1445 2562 1482 2623 ab

355 2671 496 2738 omuibus
522 2663 636 2732 ⁷estris
661 2669 857 2731 observantur
866 2688 876 2743 ;
907 2686 923 2729 a
947 2686 1006 2748 quo
1030 2662 1104 2729 8sul
1128 2684 1282 2729 mensuras
1309 2665 1482 2729 diurnorum

338 2795 500 2853 ,cursuum
524 2774 726 2838 observandas
748 2773 862 2853 occepit
869 2793 878 2848 3
902 2773 949 2834 oui
965 2780 1049 2853 paret
1064 2773 1142 2849 luna,
1162 2772 1279 2853 Jubenti
1300 2790 1364 2833 eam
1380 2772 1482 2833 lucere

354 2882 460 2959 nocti;
494 2882 541 2943 cui
564 2886 642 2942 astru
667 2879 886 2959 obtemporant,
918 2879 1005 2940 lunae
1029 2897 1147 2940 cursum
1171 2879 1390 2959 sequentia3'a
1422 2896 1482 2957 quo

355 2989 459 3054 omnia
489 2986 631 3066 disposita
661 2990 747 3063 sunt,
777 2989 806 3045 et
837 2983 898 3045 suis
928 2983 1066 3046 limitibus
1096 2983 1334 3064 circumscripta,
1365 2977 1482 3064 ⁹eique

354 3092 494 3159 subdita:
526 3075 754 3169 coelietqu‘ae
778 3090 807 3150 iu
831 3088 1030 3166 coelissunt,
1058 3095 1143 3187 perra
1175 3095 1205 3149 et
1236 3105 1313 3167 quae
1342 3087 1372 3149 in
1403 3095 1482 3149 terra

354 3202 450 3285 suunt,⁸
469 3215 550 3259 mare
573 3200 601 3257 et
624 3213 701 3274 quae
724 3194 752 3256 in
776 3194 867 3271 mari,
890 3194 986 3275 ignis,
1009 3198 1072 3271 aer,
1096 3193 1232 3274 abyssus,
1259 3194 1387 3273 quaein
1411 3193 1482 3254 alti·
1532 3182 1535 3193 '

354 3303 472 3382 tudine,
495 3320 570 3382 quae
593 3301 622 3363 in
646 3299 813 3381 profundis,
837 3317 975 3379 quaeque
995 3299 1023 3360 in
1045 3299 1143 3361 medio
1165 3299 1262 3361 locata
1282 3303 1360 3360 sunt.
1397 3297 1483 3360 Hune

355 3407 397 3473 ad
427 3424 481 3470 eos
510 3406 596 3468 misit.
641 3405 732 3483 Num,
765 3410 796 3465 ut
824 3405 979 3485 quisquam
1011 3405 1145 3487 cogitare
1173 3403 1286 3486 possit,
1319 3402 1482 3485 tyrannidis

357 3666 457 3741 grapho
475 3665 581 3719 beureri
606 3673 632 3718 et
651 3666 676 3716 in
695 3662 785 3717 codice
804 3665 907 3733 Argen·
935 3681 988 3716 cos.
1026 3663 1077 3717 Cir.
1105 3665 1218 3717 Moruni
1243 3664 1328 3716 adnot.
1356 3663 1396 3741 ad
1414 3662 1481 3714 Libr.

357 3757 489 3810 teratuusi.
517 3752 737 3819 CodexStephuni
753 3750 909 3804 malehabet
935 3751 1310 3820 rueopuu.adtutot.1,t.
1336 3749 1401 3801 Nota
1421 3749 1438 3800 i.
1457 3756 1484 3801 et

358 3844 486 3914 ῖνίδρυται.
937 3842 1057 3892 Guiland.
1076 3837 1141 3891 bibl.
1161 3837 1188 3889 Τ.
1207 3838 1237 3889 11.
1255 3854 1280 3904 p.
1301 3835 1358 3888 160.
1377 3836 1436 3886 Not.
1455 3836 1481 3886 b.

393 3936 423 3998 6)
442 3933 462 3985 l.
472 3949 495 3984 e.
506 3931 591 3999 leges,
604 3928 695 3997 quibus
708 3925 814 3980 Creator
825 3943 907 3978 rerum
970 3925 998 3988 8)
1019 3925 1169 3977 Addendum
1189 3940 1247 3976 esse
1264 3923 1336 3988 ἣλιος,
1352 3922 1405 3988 jam
1419 3921 1484 3973 vidit

358 4031 473 4077 naturam
487 4018 769 4084 moderatur‚quaeque
781 4015 908 4066 hominum
935 4014 1086 4082 Stephanus.

356 4111 516 4165 intellectum
534 4105 620 4159 latent.
649 4107 747 4154 Bonan.
866 4120 880 4151 ι.
969 4101 998 4163 9)
1019 4101 1090 4152 Hane
1107 4100 1249 4151 versionem
1270 4098 1398 4163 impugnat
1413 4094 1482 4163 Otto,

393 4199 425 4266 7)
442 4195 563 4260 Στοιχεῖα
585 4213 619 4244 =
643 4201 734 4258 astra,
759 4191 907 4258 praesertim
935 4198 1051 4241 vertens:
1067 4209 1083 4242 a
1095 4205 1145 4257 pue
1156 4185 1236 4253 (Deo)
1248 4187 1399 4237 norrsa'm'bus
1412 4187 1481 4238 sub-

355 4287 497 4345 duodeeim
514 4284 593 4350 signa
609 4281 736 4345 zodiaci,
763 4287 789 4329 ut
808 4278 921 4349 saepius
930 4279 1005 4343 jectu
1028 4285 1095 4329 satsat
1116 4274 1214 4337 omnia,
1239 4270 1304 4325 coeli
1329 4278 1353 4320 et
1372 4287 1437 4340 quae
1455 4271 1482 4322 in

354 4374 429 4446 ιμᾶ
445 4369 549 4435 Petrus,
568 4375 619 4419 tum
637 4366 744 4432 tannes,
763 4373 813 4418 tum
830 4381 907 4436 grae·
918 4353 922 4432 ξ
935 4363 1015 4416 coelis
1032 4371 1083 4414 etc.

1434 4556 1602 4707 ,a-
