<?xml version="1.0" encoding="UTF-8"?>
<!DOCTYPE html PUBLIC "-//W3C//DTD XHTML 1.0 Transitional//EN"
    "http://www.w3.org/TR/xhtml1/DTD/xhtml1-transitional.dtd">
<html xmlns="http://www.w3.org/1999/xhtml" xml:lang="en" lang="en">
 <head>
  <title>
</title>
<meta http-equiv="Content-Type" content="text/html;charset=utf-8" />
  <meta name='ocr-system' content='tesseract 3.04.00' />
  <meta name='ocr-capabilities' content='ocr_page ocr_carea ocr_par ocr_line ocrx_word'/>
</head>
<body>
  <div class='ocr_page' id='page_1' title='image "./patrumapostolic00hefegoog_0183.png"; bbox 0 0 3659 5209; ppageno 0'>
   <div class='ocr_carea' id='block_1_1' title="bbox 545 535 1466 641">
    <p class='ocr_par' dir='ltr' id='par_1_1' title="bbox 545 535 1466 641">
     <span class='ocr_line' id='line_1_1' title="bbox 545 535 1466 641; baseline 0 -17"><span class='ocrx_word' id='word_1_1' title='bbox 545 535 548 539; x_wconf 60' lang='grc'>’</span> <span class='ocrx_word' id='word_1_2' title='bbox 626 572 646 624; x_wconf 88' lang='lat'><em>1.</em></span> <span class='ocrx_word' id='word_1_3' title='bbox 666 546 847 627; x_wconf 76' lang='lat' dir='ltr'><em>cnsnumrs</em></span> <span class='ocrx_word' id='word_1_4' title='bbox 867 569 911 623; x_wconf 82' lang='lat' dir='ltr'><em>no</em></span> <span class='ocrx_word' id='word_1_5' title='bbox 933 567 1006 622; x_wconf 83' lang='lat' dir='ltr'><em>eoa.</em></span> <span class='ocrx_word' id='word_1_6' title='bbox 1026 551 1113 622; x_wconf 86' lang='lat' dir='ltr'><em>xvm.</em></span> <span class='ocrx_word' id='word_1_7' title='bbox 1131 571 1195 624; x_wconf 86' lang='lat' dir='ltr'><em>xm.</em></span> <span class='ocrx_word' id='word_1_8' title='bbox 1426 578 1466 641; x_wconf 81' lang='lat'><em>81</em></span> 
     </span>
    </p>
   </div>
   <div class='ocr_carea' id='block_1_2' title="bbox 324 729 1593 2274">
    <p class='ocr_par' dir='ltr' id='par_1_2' title="bbox 324 729 1593 2274">
     <span class='ocr_line' id='line_1_2' title="bbox 324 729 1470 821; baseline 0.004 -29"><span class='ocrx_word' id='word_1_9' title='bbox 324 729 559 821; x_wconf 18' lang='lat' dir='ltr'><em>,manifestasti</em></span> <span class='ocrx_word' id='word_1_10' title='bbox 581 732 663 793; x_wconf 88' lang='lat' dir='ltr'><em>mibi.</em></span> <span class='ocrx_word' id='word_1_11' title='bbox 710 731 847 812; x_wconf 83' lang='lat' dir='ltr'><em>Asperpe</em></span> <span class='ocrx_word' id='word_1_12' title='bbox 869 749 919 794; x_wconf 71' lang='lat' dir='ltr'><em>me‘</em></span> <span class='ocrx_word' id='word_1_13' title='bbox 938 752 1021 795; x_wconf 89' lang='lat' dir='ltr'><em>nano</em></span> <span class='ocrx_word' id='word_1_14' title='bbox 1042 734 1199 814; x_wconf 75' lang='lat' dir='ltr'><em>hyssopo,</em></span> <span class='ocrx_word' id='word_1_15' title='bbox 1228 740 1257 793; x_wconf 91' lang='lat' dir='ltr'><em>et</em></span> <span class='ocrx_word' id='word_1_16' title='bbox 1277 734 1470 808; x_wconf 86' lang='lat' dir='ltr'><em>mundabor,·</em></span> 
     </span>
     <span class='ocr_line' id='line_1_3' title="bbox 348 820 1593 920; baseline 0.003 -24"><span class='ocrx_word' id='word_1_17' title='bbox 348 837 425 897; x_wconf 90' lang='lat' dir='ltr'><em>laoa</em></span> <span class='ocrx_word' id='word_1_18' title='bbox 446 854 510 912; x_wconf 91' lang='lat' dir='ltr'><em>me,</em></span> <span class='ocrx_word' id='word_1_19' title='bbox 545 843 575 897; x_wconf 94' lang='lat' dir='ltr'><em>et</em></span> <span class='ocrx_word' id='word_1_20' title='bbox 594 853 689 914; x_wconf 86' lang='lat' dir='ltr'><em>saper</em></span> <span class='ocrx_word' id='word_1_21' title='bbox 712 838 813 897; x_wconf 88' lang='lat' dir='ltr'><em>aloem</em></span> <span class='ocrx_word' id='word_1_22' title='bbox 836 836 1018 900; x_wconf 83' lang='lat' dir='ltr'><em>dealbabor.</em></span> <span class='ocrx_word' id='word_1_23' title='bbox 1064 836 1197 897; x_wconf 82' lang='lat' dir='ltr'><em>Anditni</em></span> <span class='ocrx_word' id='word_1_24' title='bbox 1228 855 1293 897; x_wconf 88' lang='lat' dir='ltr'><em>meo</em></span> <span class='ocrx_word' id='word_1_25' title='bbox 1321 838 1364 898; x_wconf 94' lang='lat' dir='ltr'><em>da</em></span> <span class='ocrx_word' id='word_1_26' title='bbox 1390 859 1470 920; x_wconf 80' lang='lat' dir='ltr'><em>pan·</em></span> <span class='ocrx_word' id='word_1_27' title='bbox 1587 820 1593 829; x_wconf 65' lang='grc'>’</span> 
     </span>
     <span class='ocr_line' id='line_1_4' title="bbox 347 941 1471 1018; baseline 0 -15"><span class='ocrx_word' id='word_1_28' title='bbox 347 942 437 1003; x_wconf 86' lang='lat' dir='ltr'><em>diam</em></span> <span class='ocrx_word' id='word_1_29' title='bbox 459 949 489 1002; x_wconf 90' lang='lat' dir='ltr'><em>et</em></span> <span class='ocrx_word' id='word_1_30' title='bbox 512 942 671 1018; x_wconf 75' lang='lat' dir='ltr'><em>laetitiam,</em></span> <span class='ocrx_word' id='word_1_31' title='bbox 697 950 726 1003; x_wconf 94' lang='lat' dir='ltr'><em>et</em></span> <span class='ocrx_word' id='word_1_32' title='bbox 748 941 936 1004; x_wconf 78' lang='lat' dir='ltr'><em>exaltabunt</em></span> <span class='ocrx_word' id='word_1_33' title='bbox 957 961 1033 1003; x_wconf 90' lang='lat' dir='ltr'><em>osso</em></span> <span class='ocrx_word' id='word_1_34' title='bbox 1055 961 1123 1002; x_wconf 90' lang='lat' dir='ltr'><em>mea</em></span> <span class='ocrx_word' id='word_1_35' title='bbox 1145 941 1320 1002; x_wconf 89' lang='lat' dir='ltr'><em>bamiliata.</em></span> <span class='ocrx_word' id='word_1_36' title='bbox 1360 941 1471 1003; x_wconf 87' lang='lat' dir='ltr'><em>Aoerte</em></span> 
     </span>
     <span class='ocr_line' id='line_1_5' title="bbox 344 1045 1471 1125; baseline 0.001 -18"><span class='ocrx_word' id='word_1_37' title='bbox 344 1045 465 1123; x_wconf 80' lang='lat' dir='ltr'><em>faciem</em></span> <span class='ocrx_word' id='word_1_38' title='bbox 488 1054 570 1108; x_wconf 89' lang='lat' dir='ltr'><em>taam</em></span> <span class='ocrx_word' id='word_1_39' title='bbox 593 1066 614 1106; x_wconf 92' lang='lat' dir='ltr'><em>a</em></span> <span class='ocrx_word' id='word_1_40' title='bbox 633 1047 774 1123; x_wconf 88' lang='lat' dir='ltr'><em>peccatis</em></span> <span class='ocrx_word' id='word_1_41' title='bbox 795 1047 882 1124; x_wconf 89' lang='lat' dir='ltr'><em>meis,</em></span> <span class='ocrx_word' id='word_1_42' title='bbox 907 1054 937 1108; x_wconf 94' lang='lat' dir='ltr'><em>et</em></span> <span class='ocrx_word' id='word_1_43' title='bbox 959 1065 1064 1108; x_wconf 90' lang='lat' dir='ltr'><em>omnes</em></span> <span class='ocrx_word' id='word_1_44' title='bbox 1087 1045 1268 1125; x_wconf 76' lang='lat' dir='ltr'><em>iniquitates</em></span> <span class='ocrx_word' id='word_1_45' title='bbox 1290 1065 1375 1108; x_wconf 87' lang='lat' dir='ltr'><em>meos</em></span> <span class='ocrx_word' id='word_1_46' title='bbox 1396 1048 1471 1109; x_wconf 90' lang='lat' dir='ltr'><em>dele.</em></span> 
     </span>
     <span class='ocr_line' id='line_1_6' title="bbox 349 1147 1473 1229; baseline 0.002 -19"><span class='ocrx_word' id='word_1_47' title='bbox 349 1149 418 1213; x_wconf 83' lang='lat' dir='ltr'><em>Cor</em></span> <span class='ocrx_word' id='word_1_48' title='bbox 439 1152 585 1213; x_wconf 86' lang='lat' dir='ltr'><em>mandam</em></span> <span class='ocrx_word' id='word_1_49' title='bbox 609 1169 682 1213; x_wconf 87' lang='lat' dir='ltr'><em>crea</em></span> <span class='ocrx_word' id='word_1_50' title='bbox 705 1151 738 1212; x_wconf 89' lang='lat' dir='ltr'><em>ln</em></span> <span class='ocrx_word' id='word_1_51' title='bbox 758 1171 822 1227; x_wconf 89' lang='lat' dir='ltr'><em>me,</em></span> <span class='ocrx_word' id='word_1_52' title='bbox 846 1152 949 1229; x_wconf 86' lang='lat' dir='ltr'><em>Deos,</em></span> <span class='ocrx_word' id='word_1_53' title='bbox 973 1159 1003 1211; x_wconf 94' lang='lat' dir='ltr'><em>et</em></span> <span class='ocrx_word' id='word_1_54' title='bbox 1024 1150 1170 1228; x_wconf 85' lang='lat' dir='ltr'><em>spiritam</em></span> <span class='ocrx_word' id='word_1_55' title='bbox 1195 1147 1334 1213; x_wconf 82' lang='lat' dir='ltr'><em>¹rectum</em></span> <span class='ocrx_word' id='word_1_56' title='bbox 1356 1151 1473 1212; x_wconf 89' lang='lat' dir='ltr'><em>innooa</em></span> 
     </span>
     <span class='ocr_line' id='line_1_7' title="bbox 346 1254 1475 1334; baseline -0.001 -19"><span class='ocrx_word' id='word_1_57' title='bbox 346 1255 383 1316; x_wconf 92' lang='lat' dir='ltr'><em>in</em></span> <span class='ocrx_word' id='word_1_58' title='bbox 406 1254 582 1315; x_wconf 81' lang='lat' dir='ltr'><em>uisceribns</em></span> <span class='ocrx_word' id='word_1_59' title='bbox 604 1256 689 1315; x_wconf 88' lang='lat' dir='ltr'><em>meis.</em></span> <span class='ocrx_word' id='word_1_60' title='bbox 728 1255 774 1317; x_wconf 91' lang='lat' dir='ltr'><em>Ne</em></span> <span class='ocrx_word' id='word_1_61' title='bbox 793 1255 950 1334; x_wconf 82' lang='lat' dir='ltr'><em>projicias</em></span> <span class='ocrx_word' id='word_1_62' title='bbox 973 1274 1018 1315; x_wconf 91' lang='lat' dir='ltr'><em>me</em></span> <span class='ocrx_word' id='word_1_63' title='bbox 1042 1275 1063 1315; x_wconf 92' lang='lat' dir='ltr'><em>a</em></span> <span class='ocrx_word' id='word_1_64' title='bbox 1084 1254 1168 1332; x_wconf 83' lang='lat' dir='ltr'><em>facie</em></span> <span class='ocrx_word' id='word_1_65' title='bbox 1192 1262 1255 1331; x_wconf 86' lang='lat' dir='ltr'><em>tua,</em></span> <span class='ocrx_word' id='word_1_66' title='bbox 1279 1261 1309 1314; x_wconf 93' lang='lat' dir='ltr'><em>et</em></span> <span class='ocrx_word' id='word_1_67' title='bbox 1330 1254 1475 1333; x_wconf 84' lang='lat' dir='ltr'><em>spiritum</em></span> 
     </span>
     <span class='ocr_line' id='line_1_8' title="bbox 348 1350 1475 1437; baseline -0.004 -16"><span class='ocrx_word' id='word_1_68' title='bbox 348 1368 435 1422; x_wconf 86' lang='lat' dir='ltr'><em>taum</em></span> <span class='ocrx_word' id='word_1_69' title='bbox 457 1366 599 1420; x_wconf 78' lang='lat' dir='ltr'><em>saltatum</em></span> <span class='ocrx_word' id='word_1_70' title='bbox 622 1379 660 1421; x_wconf 92' lang='lat' dir='ltr'><em>ne</em></span> <span class='ocrx_word' id='word_1_71' title='bbox 683 1358 812 1437; x_wconf 80' lang='lat' dir='ltr'><em>anseres</em></span> <span class='ocrx_word' id='word_1_72' title='bbox 835 1379 855 1421; x_wconf 92' lang='lat' dir='ltr'><em>o</em></span> <span class='ocrx_word' id='word_1_73' title='bbox 876 1378 933 1421; x_wconf 92' lang='lat' dir='ltr'><em>me.</em></span> <span class='ocrx_word' id='word_1_74' title='bbox 979 1358 1085 1420; x_wconf 83' lang='lat' dir='ltr'><em>Redde</em></span> <span class='ocrx_word' id='word_1_75' title='bbox 1115 1358 1190 1419; x_wconf 83' lang='lat' dir='ltr'><em>milti</em></span> <span class='ocrx_word' id='word_1_76' title='bbox 1213 1360 1364 1421; x_wconf 78' lang='lat' dir='ltr'><em>laetitiam</em></span> <span class='ocrx_word' id='word_1_77' title='bbox 1387 1350 1475 1419; x_wconf 84' lang='lat' dir='ltr'><em>sala-</em></span> 
     </span>
     <span class='ocr_line' id='line_1_9' title="bbox 348 1461 1475 1547; baseline 0 -23"><span class='ocrx_word' id='word_1_78' title='bbox 348 1464 432 1524; x_wconf 88' lang='lat' dir='ltr'><em>taris</em></span> <span class='ocrx_word' id='word_1_79' title='bbox 455 1464 511 1539; x_wconf 89' lang='lat' dir='ltr'><em>tni,</em></span> <span class='ocrx_word' id='word_1_80' title='bbox 536 1471 565 1524; x_wconf 93' lang='lat' dir='ltr'><em>et</em></span> <span class='ocrx_word' id='word_1_81' title='bbox 586 1464 713 1541; x_wconf 87' lang='lat' dir='ltr'><em>spirita,</em></span> <span class='ocrx_word' id='word_1_82' title='bbox 739 1464 793 1543; x_wconf 82' lang='lat' dir='ltr'><em>qui</em></span> <span class='ocrx_word' id='word_1_83' title='bbox 816 1465 908 1525; x_wconf 91' lang='lat' dir='ltr'><em>corni</em></span> <span class='ocrx_word' id='word_1_84' title='bbox 924 1465 1065 1543; x_wconf 90' lang='lat' dir='ltr'><em>imperat,</em></span> <span class='ocrx_word' id='word_1_85' title='bbox 1088 1464 1308 1547; x_wconf 79' lang='lat' dir='ltr'><em>confirmans.</em></span> <span class='ocrx_word' id='word_1_86' title='bbox 1347 1461 1475 1525; x_wconf 82' lang='lat' dir='ltr'><em>Docebo</em></span> 
     </span>
     <span class='ocr_line' id='line_1_10' title="bbox 347 1567 1476 1647; baseline -0.002 -17"><span class='ocrx_word' id='word_1_87' title='bbox 347 1568 476 1647; x_wconf 84' lang='lat' dir='ltr'><em>iniquos</em></span> <span class='ocrx_word' id='word_1_88' title='bbox 505 1569 577 1630; x_wconf 88' lang='lat' dir='ltr'><em>olas</em></span> <span class='ocrx_word' id='word_1_89' title='bbox 606 1577 695 1645; x_wconf 90' lang='lat' dir='ltr'><em>tnos,</em></span> <span class='ocrx_word' id='word_1_90' title='bbox 730 1577 761 1630; x_wconf 91' lang='lat' dir='ltr'><em>et</em></span> <span class='ocrx_word' id='word_1_91' title='bbox 789 1568 877 1647; x_wconf 90' lang='lat' dir='ltr'><em>impii</em></span> <span class='ocrx_word' id='word_1_92' title='bbox 900 1569 943 1629; x_wconf 92' lang='lat' dir='ltr'><em>ad</em></span> <span class='ocrx_word' id='word_1_93' title='bbox 966 1575 994 1630; x_wconf 88' lang='lat' dir='ltr'><em>te</em></span> <span class='ocrx_word' id='word_1_94' title='bbox 1017 1574 1245 1630; x_wconf 81' lang='lat' dir='ltr'><em>convertentur.</em></span> <span class='ocrx_word' id='word_1_95' title='bbox 1290 1567 1408 1628; x_wconf 88' lang='lat' dir='ltr'><em>Libera</em></span> <span class='ocrx_word' id='word_1_96' title='bbox 1430 1585 1476 1628; x_wconf 94' lang='lat' dir='ltr'><em>me</em></span> 
     </span>
     <span class='ocr_line' id='line_1_11' title="bbox 348 1662 1477 1753; baseline -0.001 -20"><span class='ocrx_word' id='word_1_97' title='bbox 348 1673 389 1733; x_wconf 91' lang='lat' dir='ltr'><em>de</em></span> <span class='ocrx_word' id='word_1_98' title='bbox 411 1662 629 1751; x_wconf 82' lang='lat' dir='ltr'><em>sonpainibns,</em></span> <span class='ocrx_word' id='word_1_99' title='bbox 652 1673 750 1750; x_wconf 76' lang='lat' dir='ltr'><em>DeaS,</em></span> <span class='ocrx_word' id='word_1_100' title='bbox 773 1674 859 1736; x_wconf 88' lang='lat' dir='ltr'><em>Dens</em></span> <span class='ocrx_word' id='word_1_101' title='bbox 881 1675 997 1735; x_wconf 89' lang='lat' dir='ltr'><em>solatis</em></span> <span class='ocrx_word' id='word_1_102' title='bbox 1019 1693 1112 1736; x_wconf 87' lang='lat' dir='ltr'><em>meae.</em></span> <span class='ocrx_word' id='word_1_103' title='bbox 1138 1672 1347 1734; x_wconf 80' lang='lat' dir='ltr'><em>&#39;Decantablt</em></span> <span class='ocrx_word' id='word_1_104' title='bbox 1368 1673 1477 1753; x_wconf 79' lang='lat' dir='ltr'><em>linpaa</em></span> 
     </span>
     <span class='ocr_line' id='line_1_12' title="bbox 347 1778 1477 1855; baseline 0.001 -19"><span class='ocrx_word' id='word_1_105' title='bbox 347 1795 420 1838; x_wconf 92' lang='lat' dir='ltr'><em>mea</em></span> <span class='ocrx_word' id='word_1_106' title='bbox 436 1778 594 1855; x_wconf 83' lang='lat' dir='ltr'><em>jnstitiam</em></span> <span class='ocrx_word' id='word_1_107' title='bbox 618 1786 710 1839; x_wconf 87' lang='lat' dir='ltr'><em>taam.</em></span> <span class='ocrx_word' id='word_1_108' title='bbox 748 1778 892 1854; x_wconf 82' lang='lat' dir='ltr'><em>Domine,</em></span> <span class='ocrx_word' id='word_1_109' title='bbox 918 1799 954 1841; x_wconf 93' lang='lat' dir='ltr'><em>os</em></span> <span class='ocrx_word' id='word_1_110' title='bbox 977 1797 1075 1838; x_wconf 88' lang='lat' dir='ltr'><em>meum</em></span> <span class='ocrx_word' id='word_1_111' title='bbox 1097 1778 1231 1855; x_wconf 88' lang='lat' dir='ltr'><em>operies,</em></span> <span class='ocrx_word' id='word_1_112' title='bbox 1256 1785 1286 1840; x_wconf 90' lang='lat' dir='ltr'><em>et</em></span> <span class='ocrx_word' id='word_1_113' title='bbox 1305 1778 1391 1839; x_wconf 92' lang='lat' dir='ltr'><em>lobia</em></span> <span class='ocrx_word' id='word_1_114' title='bbox 1409 1796 1477 1838; x_wconf 91' lang='lat' dir='ltr'><em>meo</em></span> 
     </span>
     <span class='ocr_line' id='line_1_13' title="bbox 349 1881 1475 1967; baseline 0 -25"><span class='ocrx_word' id='word_1_115' title='bbox 349 1881 584 1942; x_wconf 87' lang='lat' dir='ltr'><em>annuntiabant</em></span> <span class='ocrx_word' id='word_1_116' title='bbox 600 1881 723 1942; x_wconf 90' lang='lat' dir='ltr'><em>landem</em></span> <span class='ocrx_word' id='word_1_117' title='bbox 740 1889 831 1942; x_wconf 89' lang='lat' dir='ltr'><em>taam.</em></span> <span class='ocrx_word' id='word_1_118' title='bbox 872 1882 1038 1957; x_wconf 79' lang='lat' dir='ltr'><em>Quoniam,</em></span> <span class='ocrx_word' id='word_1_119' title='bbox 1062 1883 1091 1942; x_wconf 91' lang='lat' dir='ltr'><em>si</em></span> <span class='ocrx_word' id='word_1_120' title='bbox 1106 1882 1260 1967; x_wconf 88' lang='lat' dir='ltr'><em>oolaisses</em></span> <span class='ocrx_word' id='word_1_121' title='bbox 1274 1884 1475 1961; x_wconf 78' lang='lat' dir='ltr'><em>sacrificium,</em></span> 
     </span>
     <span class='ocr_line' id='line_1_14' title="bbox 349 1984 1478 2065; baseline 0.002 -19"><span class='ocrx_word' id='word_1_122' title='bbox 349 1984 505 2047; x_wconf 83' lang='lat' dir='ltr'><em>dedissem</em></span> <span class='ocrx_word' id='word_1_123' title='bbox 529 1986 654 2063; x_wconf 85' lang='lat' dir='ltr'><em>ntiqne;</em></span> <span class='ocrx_word' id='word_1_124' title='bbox 677 1985 735 2046; x_wconf 91' lang='lat' dir='ltr'><em>sed</em></span> <span class='ocrx_word' id='word_1_125' title='bbox 757 1985 950 2046; x_wconf 84' lang='lat' dir='ltr'><em>leolocanstis</em></span> <span class='ocrx_word' id='word_1_126' title='bbox 973 2002 1038 2045; x_wconf 94' lang='lat' dir='ltr'><em>non</em></span> <span class='ocrx_word' id='word_1_127' title='bbox 1061 1985 1238 2058; x_wconf 87' lang='lat' dir='ltr'><em>delectaris.</em></span> <span class='ocrx_word' id='word_1_128' title='bbox 1282 1987 1478 2065; x_wconf 78' lang='lat' dir='ltr'><em>Sacrificium</em></span> 
     </span>
     <span class='ocr_line' id='line_1_15' title="bbox 347 2082 1478 2165; baseline 0.002 -14"><span class='ocrx_word' id='word_1_129' title='bbox 347 2089 419 2152; x_wconf 90' lang='lat' dir='ltr'><em>Deo</em></span> <span class='ocrx_word' id='word_1_130' title='bbox 443 2082 576 2165; x_wconf 85' lang='lat' dir='ltr'><em>spiritus</em></span> <span class='ocrx_word' id='word_1_131' title='bbox 599 2086 848 2161; x_wconf 86' lang='lat' dir='ltr'><em>contribulatns;</em></span> <span class='ocrx_word' id='word_1_132' title='bbox 872 2107 928 2150; x_wconf 87' lang='lat' dir='ltr'><em>cor</em></span> <span class='ocrx_word' id='word_1_133' title='bbox 949 2089 1115 2150; x_wconf 87' lang='lat' dir='ltr'><em>contritam</em></span> <span class='ocrx_word' id='word_1_134' title='bbox 1136 2096 1167 2148; x_wconf 91' lang='lat' dir='ltr'><em>et</em></span> <span class='ocrx_word' id='word_1_135' title='bbox 1184 2089 1376 2152; x_wconf 86' lang='lat' dir='ltr'><em>bnmiliatnm</em></span> <span class='ocrx_word' id='word_1_136' title='bbox 1391 2092 1478 2153; x_wconf 86' lang='lat' dir='ltr'><em>Deos</em></span> 
     </span>
     <span class='ocr_line' id='line_1_16' title="bbox 348 2191 697 2274; baseline -0.014 -20"><span class='ocrx_word' id='word_1_137' title='bbox 348 2211 418 2254; x_wconf 91' lang='lat' dir='ltr'><em>non</em></span> <span class='ocrx_word' id='word_1_138' title='bbox 443 2191 601 2268; x_wconf 80' lang='lat' dir='ltr'><em>despiciet.</em></span> <span class='ocrx_word' id='word_1_139' title='bbox 694 2267 697 2274; x_wconf 26' lang='grc' dir='ltr'>Ι</span> 
     </span>
    </p>
   </div>
   <div class='ocr_carea' id='block_1_3' title="bbox 468 2461 1433 2566">
    <p class='ocr_par' dir='ltr' id='par_1_3' title="bbox 468 2461 1433 2566">
     <span class='ocr_line' id='line_1_17' title="bbox 468 2461 1433 2566; baseline 0.002 -19"><span class='ocrx_word' id='word_1_140' title='bbox 468 2484 543 2548; x_wconf 80' lang='lat' dir='ltr'>XIX.</span> <span class='ocrx_word' id='word_1_141' title='bbox 588 2486 675 2549; x_wconf 86' lang='lat' dir='ltr'><em>Haeo</em></span> <span class='ocrx_word' id='word_1_142' title='bbox 697 2488 840 2566; x_wconf 82' lang='lat' dir='ltr'><em>eaemplo</em></span> <span class='ocrx_word' id='word_1_143' title='bbox 861 2487 1018 2549; x_wconf 82' lang='lat' dir='ltr'><em>imitantes</em></span> <span class='ocrx_word' id='word_1_144' title='bbox 1038 2504 1147 2565; x_wconf 87' lang='lat' dir='ltr'><em>pacem</em></span> <span class='ocrx_word' id='word_1_145' title='bbox 1171 2504 1372 2565; x_wconf 56' lang='lat' dir='ltr'><em>quaeramus,</em></span> <span class='ocrx_word' id='word_1_146' title='bbox 1430 2461 1433 2464; x_wconf 89' lang='lat'>.</span> 
     </span>
    </p>
   </div>
   <div class='ocr_carea' id='block_1_4' title="bbox 351 2607 1545 3626">
    <p class='ocr_par' dir='ltr' id='par_1_4' title="bbox 351 2607 1545 3626">
     <span class='ocr_line' id='line_1_18' title="bbox 444 2607 1477 2690; baseline 0.002 -22"><span class='ocrx_word' id='word_1_147' title='bbox 444 2607 556 2670; x_wconf 81' lang='lat' dir='ltr'><em>Talium</em></span> <span class='ocrx_word' id='word_1_148' title='bbox 579 2609 670 2690; x_wconf 87' lang='lat' dir='ltr'><em>igitur</em></span> <span class='ocrx_word' id='word_1_149' title='bbox 693 2614 908 2686; x_wconf 81' lang='lat' dir='ltr'><em>attentorum,</em></span> <span class='ocrx_word' id='word_1_150' title='bbox 940 2608 990 2688; x_wconf 87' lang='lat' dir='ltr'><em>qui</em></span> <span class='ocrx_word' id='word_1_151' title='bbox 1018 2613 1076 2669; x_wconf 91' lang='lat' dir='ltr'><em>tam</em></span> <span class='ocrx_word' id='word_1_152' title='bbox 1105 2607 1215 2669; x_wconf 88' lang='lat' dir='ltr'><em>clarum</em></span> <span class='ocrx_word' id='word_1_153' title='bbox 1245 2607 1375 2689; x_wconf 85' lang='lat' dir='ltr'><em>elogium</em></span> <span class='ocrx_word' id='word_1_154' title='bbox 1399 2626 1477 2670; x_wconf 89' lang='lat' dir='ltr'><em>oon-</em></span> 
     </span>
     <span class='ocr_line' id='line_1_19' title="bbox 351 2706 1478 2792; baseline -0.002 -18"><span class='ocrx_word' id='word_1_155' title='bbox 351 2711 452 2774; x_wconf 90' lang='lat' dir='ltr'><em>seouti</em></span> <span class='ocrx_word' id='word_1_156' title='bbox 482 2717 568 2790; x_wconf 90' lang='lat' dir='ltr'><em>sunt,</em></span> <span class='ocrx_word' id='word_1_157' title='bbox 602 2709 780 2774; x_wconf 82' lang='lat' dir='ltr'><em>‘²humilitas</em></span> <span class='ocrx_word' id='word_1_158' title='bbox 812 2719 840 2774; x_wconf 89' lang='lat' dir='ltr'><em>et</em></span> <span class='ocrx_word' id='word_1_159' title='bbox 873 2730 928 2792; x_wconf 90' lang='lat' dir='ltr'><em>per</em></span> <span class='ocrx_word' id='word_1_160' title='bbox 959 2710 1157 2774; x_wconf 81' lang='lat' dir='ltr'><em>obedientiam</em></span> <span class='ocrx_word' id='word_1_161' title='bbox 1189 2706 1385 2792; x_wconf 78' lang='lat' dir='ltr'><em>³subJectio,</em></span> <span class='ocrx_word' id='word_1_162' title='bbox 1417 2729 1478 2775; x_wconf 92' lang='lat' dir='ltr'><em>non</em></span> 
     </span>
     <span class='ocr_line' id='line_1_20' title="bbox 351 2813 1478 2899; baseline 0 -23"><span class='ocrx_word' id='word_1_163' title='bbox 351 2819 468 2876; x_wconf 87' lang='lat' dir='ltr'><em>tantum</em></span> <span class='ocrx_word' id='word_1_164' title='bbox 491 2832 564 2894; x_wconf 90' lang='lat' dir='ltr'><em>nos,</em></span> <span class='ocrx_word' id='word_1_165' title='bbox 594 2814 649 2877; x_wconf 89' lang='lat' dir='ltr'><em>sed</em></span> <span class='ocrx_word' id='word_1_166' title='bbox 680 2822 709 2878; x_wconf 88' lang='lat' dir='ltr'><em>et</em></span> <span class='ocrx_word' id='word_1_167' title='bbox 739 2813 952 2899; x_wconf 80' lang='lat' dir='ltr'><em>generationes</em></span> <span class='ocrx_word' id='word_1_168' title='bbox 983 2821 1051 2876; x_wconf 83' lang='lat' dir='ltr'><em>ante</em></span> <span class='ocrx_word' id='word_1_169' title='bbox 1080 2831 1137 2876; x_wconf 91' lang='lat' dir='ltr'><em>nos</em></span> <span class='ocrx_word' id='word_1_170' title='bbox 1168 2814 1307 2876; x_wconf 89' lang='lat' dir='ltr'><em>meliores</em></span> <span class='ocrx_word' id='word_1_171' title='bbox 1339 2815 1478 2893; x_wconf 82' lang='lat' dir='ltr'><em>reddidit,</em></span> 
     </span>
     <span class='ocr_line' id='line_1_21' title="bbox 353 2902 1545 3000; baseline 0.003 -22"><span class='ocrx_word' id='word_1_172' title='bbox 353 2935 411 2979; x_wconf 93' lang='lat' dir='ltr'><em>eos</em></span> <span class='ocrx_word' id='word_1_173' title='bbox 442 2936 567 2999; x_wconf 85' lang='lat' dir='ltr'><em>nempe,</em></span> <span class='ocrx_word' id='word_1_174' title='bbox 601 2920 652 2998; x_wconf 88' lang='lat' dir='ltr'><em>qui</em></span> <span class='ocrx_word' id='word_1_175' title='bbox 683 2920 717 2980; x_wconf 84' lang='lat' dir='ltr'><em>in</em></span> <span class='ocrx_word' id='word_1_176' title='bbox 744 2902 849 2981; x_wconf 86' lang='lat' dir='ltr'><em>timore</em></span> <span class='ocrx_word' id='word_1_177' title='bbox 881 2924 910 2980; x_wconf 91' lang='lat' dir='ltr'><em>et</em></span> <span class='ocrx_word' id='word_1_178' title='bbox 942 2921 1067 2981; x_wconf 83' lang='lat' dir='ltr'><em>veritate</em></span> <span class='ocrx_word' id='word_1_179' title='bbox 1099 2916 1328 3000; x_wconf 83' lang='lat' dir='ltr'><em>⁴suseeperunt</em></span> <span class='ocrx_word' id='word_1_180' title='bbox 1351 2920 1478 3000; x_wconf 77' lang='lat' dir='ltr'><em>‚eloquia</em></span> <span class='ocrx_word' id='word_1_181' title='bbox 1537 2942 1545 2949; x_wconf 88' lang='lat'>·</span> 
     </span>
     <span class='ocr_line' id='line_1_22' title="bbox 354 3016 1478 3105; baseline 0.005 -25"><span class='ocrx_word' id='word_1_182' title='bbox 354 3018 457 3101; x_wconf 76' lang='lat' dir='ltr'><em>⁵ejus</em></span> <span class='ocrx_word' id='word_1_183' title='bbox 502 3016 631 3095; x_wconf 80' lang='lat' dir='ltr'><em>⁶Ouare</em></span> <span class='ocrx_word' id='word_1_184' title='bbox 654 3023 811 3086; x_wconf 89' lang='lat' dir='ltr'><em>multorum</em></span> <span class='ocrx_word' id='word_1_185' title='bbox 834 3040 1070 3104; x_wconf 83' lang='lat' dir='ltr'><em>magnorumque</em></span> <span class='ocrx_word' id='word_1_186' title='bbox 1094 3030 1123 3084; x_wconf 90' lang='lat' dir='ltr'><em>et</em></span> <span class='ocrx_word' id='word_1_187' title='bbox 1145 3023 1300 3085; x_wconf 84' lang='lat' dir='ltr'><em>illustrium</em></span> <span class='ocrx_word' id='word_1_188' title='bbox 1323 3031 1478 3105; x_wconf 85' lang='lat' dir='ltr'><em>gestorum</em></span> 
     </span>
     <span class='ocr_line' id='line_1_23' title="bbox 356 3115 1477 3208; baseline 0.007 -25"><span class='ocrx_word' id='word_1_189' title='bbox 356 3118 542 3206; x_wconf 84' lang='lat' dir='ltr'><em>⁷participes</em></span> <span class='ocrx_word' id='word_1_190' title='bbox 565 3127 651 3201; x_wconf 87' lang='lat' dir='ltr'><em>laeti,</em></span> <span class='ocrx_word' id='word_1_191' title='bbox 669 3143 871 3191; x_wconf 78' lang='lat' dir='ltr'><em>‘recurramus</em></span> <span class='ocrx_word' id='word_1_192' title='bbox 895 3125 932 3188; x_wconf 92' lang='lat' dir='ltr'><em>ad</em></span> <span class='ocrx_word' id='word_1_193' title='bbox 955 3127 1038 3208; x_wconf 81' lang='lat' dir='ltr'><em>pacis</em></span> <span class='ocrx_word' id='word_1_194' title='bbox 1060 3115 1185 3207; x_wconf 84' lang='lat' dir='ltr'><em>scopum</em></span> <span class='ocrx_word' id='word_1_195' title='bbox 1208 3127 1295 3189; x_wconf 87' lang='lat' dir='ltr'><em>nobis</em></span> <span class='ocrx_word' id='word_1_196' title='bbox 1327 3127 1363 3188; x_wconf 90' lang='lat' dir='ltr'><em>ab</em></span> <span class='ocrx_word' id='word_1_197' title='bbox 1393 3125 1477 3191; x_wconf 89' lang='lat' dir='ltr'><em>initio</em></span> 
     </span>
     <span class='ocr_line' id='line_1_24' title="bbox 353 3226 1477 3314; baseline 0.004 -26"><span class='ocrx_word' id='word_1_198' title='bbox 353 3226 513 3305; x_wconf 89' lang='lat' dir='ltr'><em>traditum,</em></span> <span class='ocrx_word' id='word_1_199' title='bbox 542 3235 572 3290; x_wconf 88' lang='lat' dir='ltr'><em>et</em></span> <span class='ocrx_word' id='word_1_200' title='bbox 595 3230 683 3292; x_wconf 87' lang='lat' dir='ltr'><em>totius</em></span> <span class='ocrx_word' id='word_1_201' title='bbox 706 3231 806 3294; x_wconf 89' lang='lat' dir='ltr'><em>mundi</em></span> <span class='ocrx_word' id='word_1_202' title='bbox 829 3237 982 3312; x_wconf 89' lang='lat' dir='ltr'><em>parentem</em></span> <span class='ocrx_word' id='word_1_203' title='bbox 1005 3236 1035 3292; x_wconf 88' lang='lat' dir='ltr'><em>et</em></span> <span class='ocrx_word' id='word_1_204' title='bbox 1058 3238 1224 3293; x_wconf 86' lang='lat' dir='ltr'><em>creatorem</em></span> <span class='ocrx_word' id='word_1_205' title='bbox 1247 3230 1406 3314; x_wconf 84' lang='lat' dir='ltr'><em>diligenter</em></span> <span class='ocrx_word' id='word_1_206' title='bbox 1427 3233 1477 3294; x_wconf 88' lang='lat' dir='ltr'><em>in-</em></span> 
     </span>
     <span class='ocr_line' id='line_1_25' title="bbox 354 3334 1478 3418; baseline 0.003 -27"><span class='ocrx_word' id='word_1_207' title='bbox 354 3336 510 3408; x_wconf 89' lang='lat' dir='ltr'><em>tueamur,</em></span> <span class='ocrx_word' id='word_1_208' title='bbox 539 3338 628 3412; x_wconf 87' lang='lat' dir='ltr'><em>atque</em></span> <span class='ocrx_word' id='word_1_209' title='bbox 658 3334 928 3418; x_wconf 79' lang='lat' dir='ltr'><em>iltiusmagnificts</em></span> <span class='ocrx_word' id='word_1_210' title='bbox 958 3343 988 3398; x_wconf 89' lang='lat' dir='ltr'><em>et</em></span> <span class='ocrx_word' id='word_1_211' title='bbox 1018 3336 1265 3418; x_wconf 83' lang='lat' dir='ltr'><em>exsuperantibus</em></span> <span class='ocrx_word' id='word_1_212' title='bbox 1289 3334 1374 3396; x_wconf 87' lang='lat' dir='ltr'><em>donis</em></span> <span class='ocrx_word' id='word_1_213' title='bbox 1396 3335 1478 3415; x_wconf 90' lang='lat' dir='ltr'><em>pacis</em></span> 
     </span>
     <span class='ocr_line' id='line_1_26' title="bbox 355 3434 1479 3522; baseline 0 -25"><span class='ocrx_word' id='word_1_214' title='bbox 355 3442 388 3497; x_wconf 92' lang='lat' dir='ltr'><em>et</em></span> <span class='ocrx_word' id='word_1_215' title='bbox 412 3435 575 3498; x_wconf 84' lang='lat' dir='ltr'><em>benefactis</em></span> <span class='ocrx_word' id='word_1_216' title='bbox 598 3436 720 3499; x_wconf 84' lang='lat' dir='ltr'><em>firmiter</em></span> <span class='ocrx_word' id='word_1_217' title='bbox 742 3434 988 3502; x_wconf 84' lang='lat' dir='ltr'><em>⁸adhaereamus.</em></span> <span class='ocrx_word' id='word_1_218' title='bbox 1034 3439 1221 3522; x_wconf 75' lang='lat' dir='ltr'><em>cogitatione</em></span> <span class='ocrx_word' id='word_1_219' title='bbox 1245 3439 1479 3518; x_wconf 80' lang='lat' dir='ltr'><em>contemplemur</em></span> 
     </span>
     <span class='ocr_line' id='line_1_27' title="bbox 356 3542 1478 3626; baseline 0.001 -25"><span class='ocrx_word' id='word_1_220' title='bbox 356 3558 444 3616; x_wconf 92' lang='lat' dir='ltr'><em>eum,</em></span> <span class='ocrx_word' id='word_1_221' title='bbox 476 3545 505 3601; x_wconf 85' lang='lat' dir='ltr'><em>et</em></span> <span class='ocrx_word' id='word_1_222' title='bbox 535 3542 640 3602; x_wconf 84' lang='lat' dir='ltr'><em>mentis</em></span> <span class='ocrx_word' id='word_1_223' title='bbox 673 3543 768 3606; x_wconf 87' lang='lat' dir='ltr'><em>oeulis</em></span> <span class='ocrx_word' id='word_1_224' title='bbox 790 3543 989 3626; x_wconf 83' lang='lat' dir='ltr'><em>longanimam</em></span> <span class='ocrx_word' id='word_1_225' title='bbox 1013 3546 1079 3626; x_wconf 91' lang='lat' dir='ltr'><em>ejus</em></span> <span class='ocrx_word' id='word_1_226' title='bbox 1102 3544 1282 3606; x_wconf 85' lang='lat' dir='ltr'><em>voluntatem</em></span> <span class='ocrx_word' id='word_1_227' title='bbox 1305 3542 1478 3604; x_wconf 89' lang='lat' dir='ltr'><em>intueamur.</em></span> 
     </span>
    </p>
   </div>
   <div class='ocr_carea' id='block_1_5' title="bbox 356 3643 1479 3810">
    <p class='ocr_par' dir='ltr' id='par_1_5' title="bbox 356 3643 1479 3810">
     <span class='ocr_line' id='line_1_28' title="bbox 356 3643 1479 3729; baseline 0.001 -24"><span class='ocrx_word' id='word_1_228' title='bbox 356 3645 536 3722; x_wconf 91' lang='lat' dir='ltr'><em>Videamus,</em></span> <span class='ocrx_word' id='word_1_229' title='bbox 569 3652 755 3728; x_wconf 87' lang='lat' dir='ltr'><em>quantopere</em></span> <span class='ocrx_word' id='word_1_230' title='bbox 788 3643 991 3712; x_wconf 87' lang='lat' dir='ltr'><em>⁹clementem</em></span> <span class='ocrx_word' id='word_1_231' title='bbox 1022 3666 1056 3710; x_wconf 90' lang='lat' dir='ltr'><em>se</em></span> <span class='ocrx_word' id='word_1_232' title='bbox 1085 3648 1228 3729; x_wconf 86' lang='lat' dir='ltr'><em>praebeat</em></span> <span class='ocrx_word' id='word_1_233' title='bbox 1258 3665 1331 3728; x_wconf 85' lang='lat' dir='ltr'><em>erga</em></span> <span class='ocrx_word' id='word_1_234' title='bbox 1362 3663 1479 3709; x_wconf 87' lang='lat' dir='ltr'><em>omnem</em></span> 
     </span>
     <span class='ocr_line' id='line_1_29' title="bbox 357 3740 642 3810; baseline 0 -1"><span class='ocrx_word' id='word_1_235' title='bbox 357 3740 526 3809; x_wconf 89' lang='lat' dir='ltr'><em>creaturam</em></span> <span class='ocrx_word' id='word_1_236' title='bbox 549 3765 642 3810; x_wconf 88' lang='lat' dir='ltr'><em>suam.</em></span> 
     </span>
    </p>
   </div>
   <div class='ocr_carea' id='block_1_6' title="bbox 357 3953 1480 4369">
    <p class='ocr_par' dir='ltr' id='par_1_6' title="bbox 395 3953 1479 4025">
     <span class='ocr_line' id='line_1_30' title="bbox 395 3953 1479 4025; baseline -0.002 -19"><span class='ocrx_word' id='word_1_237' title='bbox 395 3956 424 4020; x_wconf 89' lang='lat'><em>5)</em></span> <span class='ocrx_word' id='word_1_238' title='bbox 445 3953 487 4006; x_wconf 85' lang='lat' dir='ltr'><em>Se.</em></span> <span class='ocrx_word' id='word_1_239' title='bbox 510 3954 579 4005; x_wconf 71' lang='grc' dir='ltr'><em>Θεοῦ.</em></span> <span class='ocrx_word' id='word_1_240' title='bbox 704 3995 708 4003; x_wconf 98' lang='grc'>.</span> <span class='ocrx_word' id='word_1_241' title='bbox 970 3957 998 4022; x_wconf 86' lang='grc'><em>8)</em></span> <span class='ocrx_word' id='word_1_242' title='bbox 1017 3955 1158 4009; x_wconf 82' lang='lat' dir='ltr'><em>Teneamue</em></span> <span class='ocrx_word' id='word_1_243' title='bbox 1171 3973 1261 4023; x_wconf 85' lang='lat' dir='ltr'><em>pacem</em></span> <span class='ocrx_word' id='word_1_244' title='bbox 1277 3973 1359 4025; x_wconf 85' lang='lat' dir='ltr'><em>aeque</em></span> <span class='ocrx_word' id='word_1_245' title='bbox 1374 3955 1479 4017; x_wconf 82' lang='lat' dir='ltr'><em>firmam,</em></span> 
     </span>
    </p>

    <p class='ocr_par' dir='ltr' id='par_1_7' title="bbox 393 4041 1396 4109">
     <span class='ocr_line' id='line_1_31' title="bbox 393 4041 1396 4109; baseline -0.002 -16"><span class='ocrx_word' id='word_1_246' title='bbox 393 4043 425 4109; x_wconf 83' lang='lat'><em>6)</em></span> <span class='ocrx_word' id='word_1_247' title='bbox 445 4041 496 4093; x_wconf 74' lang='lat' dir='ltr'><em>cre.</em></span> <span class='ocrx_word' id='word_1_248' title='bbox 514 4041 591 4093; x_wconf 76' lang='lat' dir='ltr'><em>Hebe.</em></span> <span class='ocrx_word' id='word_1_249' title='bbox 613 4041 654 4106; x_wconf 84' lang='lat'><em>12,</em></span> <span class='ocrx_word' id='word_1_250' title='bbox 676 4041 698 4093; x_wconf 88' lang='grc'><em>1.</em></span> <span class='ocrx_word' id='word_1_251' title='bbox 935 4057 966 4092; x_wconf 86' lang='lat' dir='ltr'><em>ae</em></span> <span class='ocrx_word' id='word_1_252' title='bbox 984 4058 1014 4094; x_wconf 87' lang='lat' dir='ltr'><em>ea</em></span> <span class='ocrx_word' id='word_1_253' title='bbox 1033 4044 1058 4092; x_wconf 85' lang='lat' dir='ltr'><em>in</em></span> <span class='ocrx_word' id='word_1_254' title='bbox 1077 4058 1160 4094; x_wconf 89' lang='lat' dir='ltr'><em>rerum</em></span> <span class='ocrx_word' id='word_1_255' title='bbox 1179 4051 1267 4094; x_wconf 84' lang='lat' dir='ltr'><em>natura</em></span> <span class='ocrx_word' id='word_1_256' title='bbox 1285 4051 1396 4094; x_wconf 87' lang='lat' dir='ltr'><em>tenetur.</em></span> 
     </span>
    </p>

    <p class='ocr_par' dir='ltr' id='par_1_8' title="bbox 357 4124 1480 4369">
     <span class='ocr_line' id='line_1_32' title="bbox 394 4124 1479 4194; baseline -0.005 -16"><span class='ocrx_word' id='word_1_257' title='bbox 394 4127 424 4192; x_wconf 80' lang='lat'><em>7)</em></span> <span class='ocrx_word' id='word_1_258' title='bbox 444 4126 582 4194; x_wconf 85' lang='lat' dir='ltr'><em>Participes</em></span> <span class='ocrx_word' id='word_1_259' title='bbox 600 4124 707 4192; x_wconf 70' lang='grc' dir='ltr'><em>πράξεων</em></span> <span class='ocrx_word' id='word_1_260' title='bbox 725 4142 826 4190; x_wconf 86' lang='lat' dir='ltr'><em>sumus,</em></span> <span class='ocrx_word' id='word_1_261' title='bbox 848 4127 907 4194; x_wconf 85' lang='lat' dir='ltr'><em>quia</em></span> <span class='ocrx_word' id='word_1_262' title='bbox 970 4127 998 4192; x_wconf 82' lang='lat'><em>9)</em></span> <span class='ocrx_word' id='word_1_263' title='bbox 1017 4128 1177 4180; x_wconf 80' lang='lat' dir='ltr'><em>Harmoniam</em></span> <span class='ocrx_word' id='word_1_264' title='bbox 1200 4129 1284 4180; x_wconf 88' lang='lat' dir='ltr'><em>mundi</em></span> <span class='ocrx_word' id='word_1_265' title='bbox 1307 4129 1344 4194; x_wconf 85' lang='lat' dir='ltr'><em>(c.</em></span> <span class='ocrx_word' id='word_1_266' title='bbox 1365 4125 1410 4188; x_wconf 84' lang='lat'><em>20)</em></span> <span class='ocrx_word' id='word_1_267' title='bbox 1436 4125 1479 4173; x_wconf 88' lang='lat' dir='ltr'><em>in-</em></span> 
     </span>
     <span class='ocr_line' id='line_1_33' title="bbox 357 4208 1480 4281; baseline -0.007 -14"><span class='ocrx_word' id='word_1_268' title='bbox 357 4230 448 4267; x_wconf 87' lang='lat' dir='ltr'><em>earum</em></span> <span class='ocrx_word' id='word_1_269' title='bbox 459 4215 605 4265; x_wconf 89' lang='lat' dir='ltr'><em>memoriam</em></span> <span class='ocrx_word' id='word_1_270' title='bbox 614 4213 686 4264; x_wconf 87' lang='lat' dir='ltr'><em>nobis</em></span> <span class='ocrx_word' id='word_1_271' title='bbox 695 4212 778 4279; x_wconf 89' lang='lat' dir='ltr'><em>prodit</em></span> <span class='ocrx_word' id='word_1_272' title='bbox 788 4211 907 4280; x_wconf 85' lang='lat' dir='ltr'><em>S.Scrip·</em></span> <span class='ocrx_word' id='word_1_273' title='bbox 935 4215 1050 4279; x_wconf 82' lang='lat' dir='ltr'><em>stituens,</em></span> <span class='ocrx_word' id='word_1_274' title='bbox 1070 4215 1220 4265; x_wconf 87' lang='lat' dir='ltr'><em>clementem</em></span> <span class='ocrx_word' id='word_1_275' title='bbox 1239 4230 1268 4264; x_wconf 87' lang='lat' dir='ltr'><em>se</em></span> <span class='ocrx_word' id='word_1_276' title='bbox 1286 4213 1391 4281; x_wconf 85' lang='lat' dir='ltr'><em>praebet</em></span> <span class='ocrx_word' id='word_1_277' title='bbox 1411 4208 1480 4260; x_wconf 87' lang='lat' dir='ltr'><em>Deus</em></span> 
     </span>
     <span class='ocr_line' id='line_1_34' title="bbox 357 4303 1285 4369; baseline -0.006 -14"><span class='ocrx_word' id='word_1_278' title='bbox 357 4310 423 4356; x_wconf 83' lang='lat' dir='ltr'><em>tura.</em></span> <span class='ocrx_word' id='word_1_279' title='bbox 453 4305 547 4352; x_wconf 75' lang='lat' dir='ltr'><em>Dums.</em></span> <span class='ocrx_word' id='word_1_280' title='bbox 593 4338 596 4343; x_wconf 90' lang='grc'>-</span> <span class='ocrx_word' id='word_1_281' title='bbox 882 4303 885 4307; x_wconf 77' lang='grc'><em>’</em></span> <span class='ocrx_word' id='word_1_282' title='bbox 936 4316 998 4369; x_wconf 73' lang='lat' dir='ltr'><em>erga</em></span> <span class='ocrx_word' id='word_1_283' title='bbox 1016 4316 1117 4352; x_wconf 88' lang='lat' dir='ltr'><em>omnem</em></span> <span class='ocrx_word' id='word_1_284' title='bbox 1137 4308 1285 4351; x_wconf 83' lang='lat' dir='ltr'><em>creaturam.</em></span> 
     </span>
    </p>
   </div>
   <div class='ocr_carea' id='block_1_7' title="bbox 413 4459 1274 4542">
    <p class='ocr_par' dir='ltr' id='par_1_9' title="bbox 413 4459 1274 4542">
     <span class='ocr_line' id='line_1_35' title="bbox 413 4459 1274 4542; baseline -0.009 -9"><span class='ocrx_word' id='word_1_285' title='bbox 413 4490 555 4542; x_wconf 67' lang='lat' dir='ltr'><em>emmam.</em></span> <span class='ocrx_word' id='word_1_286' title='bbox 569 4472 656 4531; x_wconf 69' lang='lat' dir='ltr'><em>uam.</em></span> <span class='ocrx_word' id='word_1_287' title='bbox 1254 4459 1274 4525; x_wconf 86' lang='grc'><strong>6</strong></span> 
     </span>
    </p>
   </div>
   <div class='ocr_carea' id='block_1_8' title="bbox 1394 4544 1590 4729">
    <p class='ocr_par' dir='ltr' id='par_1_10' title="bbox 1300 4544 1590 4729">
     <span class='ocr_line' id='line_1_36' title="bbox 1394 4544 1590 4729; baseline 0 -65"><span class='ocrx_word' id='word_1_288' title='bbox 1394 4544 1590 4729; x_wconf 71' lang='lat' dir='ltr'><em>¹a*</em></span> 
     </span>
    </p>
   </div>
   <div class='ocr_carea' id='block_1_9' title="bbox 0 0 1850 5209">
    <p class='ocr_par' dir='ltr' id='par_1_11' title="bbox 0 0 1850 5209">
     <span class='ocr_line' id='line_1_37' title="bbox 0 0 1850 5209; baseline 0 0"><span class='ocrx_word' id='word_1_289' title='bbox 0 0 1850 5209; x_wconf 95' lang='lat' dir='ltr'><em> </em></span> 
     </span>
    </p>
   </div>
  </div>
 </body>
</html>
