3659 5209
567 578 570 585 ·
609 572 787 628 alunnum
806 570 970 625 uersuum.
995 570 1048 624 ru.
1348 577 1388 643 ῃ

267 736 405 799 omnihus
429 734 540 817 gratias
562 748 654 816 agere
677 752 712 795 ac
734 731 838 797 laudes
861 731 971 793 oderre
988 731 1158 794 debeamus.
1196 734 1226 796 Si
1241 740 1316 817 ergo
1332 736 1389 803 Dei

267 841 364 918 filius,
397 842 448 920 qui
478 846 523 901 est
545 839 688 900 Dominus
718 830 748 899 e't
773 835 961 918 Judicaturus
990 842 1035 896 est
1066 836 1151 897 viros
1183 855 1217 897 ac
1246 845 1389 919 mortuos,

271 943 406 1024 'passus
430 943 491 1020 est,
522 949 553 1004 ut
572 942 664 1023 'plaga
688 941 780 1022 ipsius
803 938 921 1000 vividos
951 955 1008 1000 nos
1031 937 1173 1000 redderet
1180 959 1190 1014 3
1224 940 1388 1022 credamus,

266 1065 331 1109 non
362 1047 495 1127 potuisse
527 1045 615 1106 lilium
648 1045 702 1105 ltei
732 1043 791 1124 pati
821 1043 878 1103 nisi
907 1039 1058 1122 2propter
1088 1060 1153 1105 nos.
1200 1040 1287 1106 Cruci
1318 1065 1391 1108 vero

267 1150 381 1212 allixus
405 1155 489 1211 aceto
513 1168 548 1210 ac
572 1149 641 1211 ielle
665 1147 829 1227 potabatur.
874 1145 1001 1223 Audite,
1034 1148 1185 1226 quomodo
1215 1147 1252 1209 de
1282 1149 1337 1210 hac
1359 1168 1393 1211 re

268 1253 378 1316 indicia
402 1250 563 1314 ³dcderint
588 1250 760 1314 sacerdotes
784 1247 909 1331 ⁴[tertull
928 1249 1048 1330 judaici.
1087 1250 1203 1330 Seriplo
1223 1259 1395 1333 praecepto,

270 1354 349 1433 ⁵ut,
374 1357 424 1436 qui
444 1356 589 1438 jejunium
612 1373 672 1417 non
693 1355 859 1436 jejunaret,
884 1359 981 1415 morte
1005 1355 1270 1434 exterminaretur,
1303 1374 1396 1436 prae-

270 1462 352 1541 cepit
374 1461 534 1536 Dominus,
570 1461 636 1540 qnia
661 1467 690 1521 et
713 1459 777 1539 ipse
800 1475 854 1539 pro
878 1456 1140 1537 peccatisnostris
1169 1453 1251 1521 ⁶vas
1274 1459 1397 1538 spiritns

271 1565 319 1627 sui
345 1564 497 1626 oblaturus
521 1570 584 1624 erat
606 1563 635 1624 in
659 1563 800 1639 tinsttam3
833 1566 863 1622 ut
887 1566 916 1621 et
938 1560 1110 1639 impleretur
1133 1561 1228 1643 ligura
1260 1562 1336 1623 lacta
1367 1563 1396 1627 iu

271 1669 367 1746 Isaac,
392 1669 451 1748 qid-
465 1649 556 1748 super
579 1668 670 1729 altare
694 1666 746 1732 luit
770 1666 894 1728 oblatus.
934 1664 1010 1738 Quid
1034 1666 1124 1747 igitur
1142 1665 1211 1726 dicit
1227 1665 1398 1748 apud'pro-

273 1773 418 1854 phetam?
457 1766 520 1833 'Er
542 1772 729 1833 rnandmcent
751 1771 787 1832 de
810 1771 910 1845 hirco,
935 1773 989 1848 qni
1012 1771 1045 1829 in
1068 1767 1119 1831 die
1134 1772 1253 1850 jejunii
1268 1769 1399 1852 offertur

270 1896 336 1954 pro
359 1877 497 1938 omnibus
517 1877 667 1954 pcccatis.
709 1858 858 1937 Attendite
882 1873 1057 1953 diligenter:
1081 1884 1110 1935 et
1130 1877 1317 1938 manducent
1338 1876 1398 1937 soli

273 1999 317 2042 ae
345 1999 450 2042 omnes
480 1981 659 2041 sacerdotes
691 1979 868 2038 intestinam
890 1994 955 2036 non
978 1977 1087 2053 lotum,
1120 1998 1186 2040 omn
1210 1989 1305 2041 aceto.
1351 1979 1397 2042 nd

275 2083 375 2164 quid?
414 2083 559 2155 Quoniam
582 2100 640 2159 nnc,
663 2076 788 2161 8inquit,
811 2097 865 2160 pro
891 2078 962 2139 novi
984 2080 1083 2159 populi
1105 2081 1217 2142 delictis
1234 2064 1399 2145 oblaturum
1499 2064 1504 2082 ⁸

275 2205 401 2250 carnem
423 2204 529 2263 ineam,
552 2183 681 2265 potaturi·
703 2184 773 2245 estis
797 2183 867 2244 felle
889 2201 955 2243 cum
973 2188 1074 2257 acet03
1098 2183 1166 2245 ideo
1183 2185 1328 2247 comedite
1343 2190 1399 2250 vo's

276 2291 349 2367 soli,
374 2288 440 2350 dum
464 2289 590 2370 populus
608 2289 734 2371 jejunat,
758 2294 788 2350 et
810 2287 923 2368 plangit
946 2288 975 2348 in
998 2305 1087 2349 sacco
1112 2294 1141 2348 et
1164 2289 1274 2350 cinere.
1315 2291 1402 2365 Quo,-

278 2393 371 2459 modo
395 2393 493 2474 igitur,
517 2399 547 2454 ut
571 2391 744 2456 ostenderet
766 2393 846 2473 quod
870 2395 1025 2481 oporteret
1048 2394 1143 2473 ipsum
1167 2393 1243 2453 mori
1265 2412 1319 2473 pro
1338 2393 1403 2471 illis,

279 2498 459 2581 praecepit?
504 2497 665 2560 Attendite.
710 2482 865 2574 ⁹Samite,
890 2498 999 2578 inquit,
1023 2498 1104 2559 daos
1126 2498 1232 2558 hircos
1255 2497 1352 2558 honos
1377 2505 1406 2557 et

277 2604 415 2678 similes,
447 2609 478 2662 et
499 2599 605 2680 offerte
628 2621 699 2687 eos3
730 2611 759 2663 et
782 2602 922 2682 occipiat
943 2604 1093 2664 sacerdes
1121 2621 1215 2663 unum
1247 2603 1405 2688 inhala-

279 2715 429 2770 caustum.
475 2706 520 2768 De
545 2706 637 2781 alteru
663 2708 830 2788 veroquid
856 2707 992 2769 facient?
1041 2702 1065 2742 ¹⁰
1080 2706 1276 2780 Maledictus,
1302 2706 1406 2787 inquit,

278 2831 369 2873 unas.
415 2808 585 2888 Attendite,
617 2828 677 2891 quo
708 2817 795 2891 pacto
828 2810 922 2891 ligura
954 2809 1026 2871 Jesu
1057 2808 1270 2871 manifestetur.
1322 2807 1343 2845 ¹¹
1366 2809 1408 2870 Et

278 2915 440 2992 consumite
464 2915 552 2976 iilum
575 2933 697 2990 omnes,
722 2934 761 2977 oc
783 2915 961 2985 loneinute;
984 2922 1014 2974 et
1036 2910 1183 2992 imponite
1206 2914 1310 2975 lanam
1334 2933 1405 2975 coc-

280 3020 403 3080 cineam
424 3018 512 3080 circu
535 3027 630 3096 caput
657 3021 745 3098 ejas5
777 3027 807 3079 et
834 3019 882 3080 sie
911 3019 944 3078 in
974 3018 1128 3079 desertum
1160 3018 1324 3080 emittatur.
1371 3016 1406 3080 lit

281 3142 371 3205 quum
402 3124 440 3185 ita
471 3122 579 3184 laetum
612 3122 718 3202 fuerit,
742 3124 802 3203 'qui
833 3127 933 3203 portat
964 3121 1095 3200 hircum,
1129 3122 1247 3185 abducit
1279 3142 1344 3186 eum
1375 3125 1404 3186 in

281 3346 348 3398 dona
361 3345 411 3396 tide
425 3345 590 3397 concordare
621 3345 697 3398 Paean
711 3355 750 3398 est
764 3362 830 3397 enum
859 3343 937 3411 (Dial.
963 3359 986 3393 e.
1012 3342 1103 3411 Tryph.
1129 3363 1153 3397 n
1172 3349 1226 3412 40)
1252 3357 1277 3400 ct
1302 3347 1406 3401 Tertull.

280 3434 306 3483 in
326 3447 405 3483 eruce
431 3429 538 3482 humana
558 3429 649 3482 Christi
667 3437 756 3484 natura
774 3451 830 3486 cnm
859 3430 930 3497 [adv.
950 3429 1007 3482 Jud
1027 3447 1047 3484 c
1069 3429 1349 3527 tt.nuv.ttarc.1tt
1369 3434 1407 3502 7.)

281 3518 367 3570 divina
386 3518 540 3582 arctissime,
559 3514 640 3568 sed'
624 3517 763 3586 υσυγχυτυ,
741 3528 847 3571 ovete
845 3509 940 3570 'secuti
958 3526 1022 3569 sunt.

282 3604 436 3669 conjuncta,
455 3620 506 3672 quo
524 3604 559 3668 lit,
578 3611 605 3654 ut
623 3620 682 3671 per
688 3608 831 3657 communi·
894 3604 923 3668 8)
941 3604 982 3655 Sc.
1003 3603 1132 3657 Dominus.
1168 3605 1212 3657 tte
1230 3605 1294 3656 catto
1297 3607 1396 3669 ,male

282 3693 410 3741 cntionem
440 3690 587 3749 idiomatum
618 3699 751 3760 utrumque
781 3691 832 3743 dici
894 3693 923 3756 9)
940 3689 1022 3742 ¹levit.
1052 3691 1099 3756 16,
1125 3691 1141 3740 7
1168 3708 1222 3760 sqq.
1250 3693 1296 3746 cir.
1324 3698 1407 3759 Bam,

253 3777 376 3844 'poseite
401 3775 428 3841 α)
446 3778 519 3844 fitius
539 3780 588 3830 liei
605 3780 709 3846 patrue
729 3788 782 3844 eet,
808 3787 834 3830 ot
860 3777 947 3845 Symb.
967 3777 999 3842 ll,
1017 3777 1077 3828 679.

281 3865 312 3926 β)
334 3859 447 3912 Christus
466 3879 565 3932 corpur
589 3879 659 3915 suam
672 3866 709 3915 ¹iu
727 3864 834 3918 hostiam
898 3865 942 3929 10)
964 3887 998 3910 =
1020 3846 1131 3958 Smp}
1166 3862 1217 3918 cn.
1242 3868 1317 3921 saar
1345 3866 1407 3918 l.''c.

284 3948 388 3999 obtutu.
460 4000 462 4004 ,
610 3999 614 4002 ,
862 3968 885 4018 ρ.
906 3951 966 4002 668.
1107 3947 1113 3958 '

320 4034 349 4098 7)
368 4031 425 4084 lton
444 4041 482 4084 eet
501 4035 527 4084 in
544 4050 615 4086 sacra
628 4034 770 4102 Scriptura,
789 4038 834 4089 sed
899 4038 944 4100 11)
964 4037 1032 4089 'lalia
1045 4054 1094 4088 nec
1106 4054 1127 4088 s.
1139 4037 1278 4106 Scriptura,
1291 4053 1338 4088 nec
1348 4034 1410 4085 Tal-

284 4119 351 4170 inter
375 4114 529 4171 Christianos
553 4135 604 4172 sec.
631 4120 661 4174 ll.
687 4123 835 4175 traditiones
862 4126 921 4176 mud
948 4134 1045 4187 narrat3
1073 4123 1118 4175 sed
1146 4125 1260 4190 reperies
1285 4137 1316 4172 aa
1342 4117 1409 4183 apud
1450 4148 1453 4153 >

285 4204 413 4272 quaedam
425 4204 505 4257 falsae
517 4207 550 4258 de
563 4206 650 4259 ritibus
670 4207 729 4260 testi
738 4209 835 4275 judaici
862 4216 1003 4266 destinam
1028 4227 1058 4262 ae
1081 4213 1190 4263 'l'ertnlt
1215 4209 1240 4259 ll.
1263 4221 1304 4276 cc.
1324 4270 1327 4275 ι
1349 4202 1410 4252 Cum

287 4291 835 4361 expiatiounmdivulgataefuisseuldentur,
863 4297 952 4349 Vossio
968 4297 1074 4364 legimus
1086 4289 1238 4357 ἰμπτῦσαῖὲῐ
1257 4288 1411 4342 C⁰lelssli¹¹⁸²

288 4393 351 4446 quas
380 4375 423 4428 hie
453 4377 598 4444 Barnabae,
633 4379 696 4433 alias
725 4381 836 4434 lustinus
862 4381 1005 4432 imrdcare.
1079 4400 1083 4409 ·

339 4483 407 4523 aare
420 4487 482 4533 ιυυιι.
498 4472 535 4522 ετξ
551 4483 586 4523 1v.
1185 4462 1206 4524 2

1411 4538 1526 4731 'l
