3659 5209
513 542 636 599 ldht'tlt
653 540 811 598 setswua
830 542 875 596 AD
894 541 1060 600 Romanos,
1078 543 1120 600 ΠΙ.
1138 543 1181 598 tv.
1343 550 1405 616 201

277 795 330 859 111.
360 796 479 876 Roqcte
492 795 599 875 potius
610 795 719 872 Deion,
735 801 771 856 ut
785 793 828 855 ad
841 794 1025 875 martyrium
1039 794 1113 857 mihi
1127 795 1212 858 eires
1223 751 1409 879 suppeditet.

372 918 452 981 Nulli
473 936 601 999 unquam
629 915 818 993 ¹invidislis;
850 916 924 980 alios
947 915 1100 979 docuistis.
1145 914 1239 1001 ²Ego
1263 938 1337 983 vero
1360 922 1409 985 illa

259 1041 408 1105 .quoque
438 1023 520 1086 lirma
553 1039 622 1085 esse
652 1021 740 1101 volo,
773 1039 850 1102 quae
873 1017 1016 1085 ³-docetis
1047 1028 1077 1084 ct
1100 1022 1278 1105 praecipitis
1323 1025 1409 1090 Vires

281 1135 397 1190 tanturn
421 1128 491 1189 mihi
514 1126 699 1190 et'inlernas
722 1134 753 1190 et
774 1132 913 1188 externas
937 1127 1037 1206 petito,
1060 1133 1092 1189 ut
1107 1145 1166 1189 non
1182 1128 1277 1191 solum
1292 1129 1410 1210 loquar,

282 1233 340 1297 sed
363 1240 393 1295 et
416 1233 521 1309 velim;
550 1238 582 1294 ut
605 1251 664 1296 non
686 1234 782 1297 solum
806 1231 886 1294 dicar
909 1231 1110 1309 Christianus,
1136 1231 1191 1294 sed
1215 1239 1244 1295 et
1266 1233 1410 1296 inveniar.

283 1338 317 1403 Si
341 1338 418 1399 enim
442 1333 609 1400 ⁴inventus
633 1336 730 1416 luero,
755 1340 841 1400 etiam
865 1337 922 1398 dici
944 1345 1051 1418 potero
1073 1337 1266 1418 Christianus,
1290 1347 1320 1401 et
1342 1347 1411 1401 tunc

282 1442 381 1505 fidelis
406 1452 475 1504 esse
497 1443 615 1521 valebo,
637 1461 726 1524 quum
750 1443 859 1506 mundo
883 1442 1007 1524 amplius
1034 1461 1092 1505 non
1116 1445 1275 1525 apparebo.
1322 1443 1411 1522 Nihil,

284 1548 367 1629 quod
391 1554 523 1629 apparet,
547 1544 682 1610 ⁵bonum
706 1554 759 1610 est.
805 1542 934 1632 [⁶Qcce
950 1549 1030 1610 enine
1048 1549 1205 1627 videntur,
1227 1550 1413 1628 temporalia

283 1661 381 1727 sunu
412 1671 492 1732 qnae
513 1671 589 1715 cero
611 1672 674 1716 non
698 1654 859 1730 videatur,
888 1661 1018 1715 aeterno
1044 1649 1144 1738 aunt]
1189 1654 1323 1735 Namque
1348 1654 1413 1734 ipse

283 1758 368 1820 Deus
399 1763 503 1820 noster
532 1756 621 1820 iesus
652 1757 803 1836 Christus,
834 1759 939 1820 iterum
969 1759 999 1821 in
1021 1759 1107 1821 Patre
1137 1760 1288 1836 existens,
1318 1759 1414 1842 magis

287 1858 529 1925 'manifestatur
576 1857 670 1926 8Non
707 1864 855 1927 suasionis
894 1881 986 1945 opus,
1025 1863 1078 1926 sed
1117 1861 1328 1946 magnitudinis
1366 1867 1414 1925 esi

286 1969 538 2050 christianismus,
561 1963 765 2050 ⁹praesertim
789 1967 907 2050 quando
931 1969 1030 2032 oditur
1053 1987 1070 2030 a
1092 1968 1211 2031 mundo.

235 2190 237 2230 ι
285 2161 334 2231 [V.
370 2162 473 2225 Sinite
488 2182 535 2224 me
547 2161 691 2241 serarum
705 2159 849 2223 dentibus
864 2159 950 2237 moli,
973 2168 1008 2221 ut
1019 2160 1114 2239 ponis
1126 2157 1244 2223 Christi
1258 2161 1413 2223 invenior.

378 2276 480 2367 ¹⁰Ego
497 2285 632 2347 ecclesiis
648 2285 759 2362 scribo,
782 2283 979 2365 omnibusque
995 2284 1112 2362 mando,
1136 2281 1215 2362 quod
1235 2282 1342 2344 lubens
1358 2299 1413 2362 pro

286 2390 354 2452 Deo
378 2389 498 2469 moriar,
521 2390 667 2472 siquidem
690 2407 746 2453 vos
768 2407 891 2451 menon
908 2388 1082 2471 impediatis.
1128 2386 1263 2450 Obsecro
1287 2403 1351 2463 vos,
1375 2402 1414 2446 ne

235 2526 242 2568 5
291 2492 314 2531 ¹¹
327 2495 563 2576 intempestivam
580 2497 648 2557 mihi
664 2496 901 2558 benevolentiam
918 2494 1092 2556 exhiheatis.
1117 2491 1211 2555 Sinite
1223 2509 1269 2552 me
1283 2489 1414 2552 ferarum

235 2614 243 2675 ,¹
287 2601 385 2664 cibum
409 2617 487 2680 esse,
512 2620 567 2682 per
589 2619 663 2681 quas
686 2602 781 2663 Deum
805 2601 950 2680 consequi
972 2600 1050 2662 licet.
1098 2595 1325 2660 ¹2Frumentum
1348 2613 1414 2657 sum

235 2758 245 2781 ,
287 2706 371 2785 liei,·-·
390 2711 420 2766 et
443 2724 498 2786 per
521 2705 650 2768 ferarum
674 2706 778 2768 denies
801 2705 911 2783 molar,
942 2711 974 2767 ul
1001 2723 1092 2787 purus
1125 2702 1209 2786 panis
1233 2702 1340 2764 Christi
1364 2703 1415 2765 in-

287 2814 403 2877 veniar.
437 2812 522 2874 Feris
539 2814 635 2892 polius
651 2812 831 2889 blandimini,
849 2818 880 2873 ut
896 2811 963 2873 mihi
980 2809 1170 2891 sepulchrum
1186 2808 1266 2882 liant,
1283 2809 1416 2887 nihilque

235 2952 245 3001 ς
287 2919 346 2980 mei
370 2919 506 2998 corporis
527 2918 710 2997 relinquant3
734 2936 781 2994 ne,
805 2924 961 2999 postquam
983 2917 1182 2994 obdormiero,
1206 2915 1308 2996 gravis
1329 2912 1416 2975 alicui

235 3042 247 3095 ¹:·
287 3023 364 3086 liam.
411 3022 494 3085 'lunc
527 3042 599 3084 vera
623 3022 730 3084 Clnisti
761 3023 921 3104 discipulus
953 3040 1025 3100 ero,
1058 3040 1147 3102 quum
1176 3038 1276 3101 nurne
1308 3026 1418 3103 corpus

235 3170 245 3202 ,-
288 3146 388 3190 meum
420 3127 546 3190 mundus
578 3127 696 3189 videbit.
742 3127 888 3191 Christum
920 3147 976 3212 pro
1008 3148 1055 3191 me
1086 3129 1264 3210 supplicate,
1301 3132 1333 3188 ut
1362 3143 1418 3207 per

286 3263 431 3332 interprete
450 3264 538 3328 lat-ino,
558 3280 606 3315 nec
623 3280 637 3315 e
657 3265 739 3331 Syro,
757 3282 806 3321 nec
824 3283 839 3319 a
865 3270 984 3321 ostendet
1002 3278 1100 3336 oportet
1117 3278 1230 3336 tempore
1246 3268 1416 3336 perseeutio-

235 3376 240 3391 ·
274 3351 433 3420 >lingniacum
463 3353 567 3420 Syriaco
598 3355 699 3420 agnita,
731 3353 839 3407 delenda
865 3373 938 3407 nram.
969 3352 1020 3406 sir.
1040 3353 1093 3406 Gal.
1111 3355 1137 3420 5,
1157 3355 1182 3407 8.
1211 3353 1291 3406 lCor.
1311 3354 1337 3417 2,
1355 3354 1372 3402 4
1391 3359 1418 3403 et

287 3448 357 3491 sunl·
866 3441 945 3509 lgual.
972 3440 1003 3491 ad
1028 3439 1119 3507 Ephes.
1145 3456 1167 3492 c.
1189 3441 1229 3492 lt.
1254 3436 1283 3489 od
1305 3437 1349 3507 γάρ
1374 3440 1419 3486 νῦν

324 3528 355 3583 7)
376 3525 395 3577 1.
416 3542 438 3578 ο.
458 3531 544 3595 mnodo
562 3529 734 3597 qlorifioulur.
866 3526 1006 3593 r'nnyycir'n:
1025 3526 1055 3575 τὸ
1073 3527 1141 3593 ἔργον
1160 3547 1181 3575 κ.
1200 3546 1223 3576 τ.
1241 3528 1261 3575 λ.

324 3614 354 3674 8)
373 3613 410 3665 lta
444 3613 548 3664 ducibus
578 3623 667 3665 vctere
697 3613 840 3680 Interprclc
900 3614 929 3677 9)
950 3613 1067 3662 Μάλιστα
1087 3644 1117 3653 -
1138 3612 1214 3662 adnuo
1240 3629 1289 3665 non
1317 3617 1416 3661 exstant

287 3702 368 3754 latino
395 3708 422 3751 et
440 3702 598 3752 versionibus
617 3701 721 3767 Syriaca
745 3711 770 3753 et
789 3703 838 3752 Ar·
868 3703 891 3752 in
905 3699 1012 3762 Graeco,
1031 3703 1077 3751 sed
1091 3703 1207 3752 restituta
1221 3709 1278 3752 sunt
1292 3715 1322 3749 ex
1335 3697 1419 3747 luter·

289 3789 404 3839 meniana
425 3787 558 3850 legendum
579 3797 626 3851 cst,
646 3797 673 3839 ut
690 3798 840 3841 monuerunt
867 3789 981 3855 polatore
994 3797 1047 3838 ete
1063 3789 1219 3838 versionibus
1230 3795 1318 3838 uetere
1333 3767 1419 3847 latina,

288 3875 422 3939 smithius,
440 3874 568 3926 Riochatus
588 3884 613 3926 et
631 3878 777 3932 ninnenrirne
797 3876 840 3927 or.
869 3876 972 3939 Syriaca
993 3882 1018 3926 et
1037 3875 1194 3925 Armeniaca.

289 3963 426 4016 botrata
451 3959 548 4028 peso.
574 3960 662 4014 Codex
681 3945 841 4013 colbertinus
888 3963 933 4028 10)
954 3961 1036 4025 Caput
1055 3970 1168 4029 qrrortum
1188 3974 1271 4026 paene
1291 3957 1416 4023 integrum

288 4051 384 4107 habet:
402 4044 433 4098 ου’
448 4051 535 4108 σιωπῆς
552 4045 628 4108 μόνον
646 4048 674 4097 τό
686 4049 766 4114 ἔργον,
785 4045 842 4107 ἄλλο’
869 4051 945 4101 etiarn
965 4050 1030 4115 apud
1051 4049 1139 4113 Syrum
1161 4047 1259 4114 legitur.

288 4140 397 4206 perteus
415 4134 480 4184 ἔστὶν
497 4131 513 4184 0‘
531 4132 722 4199 anoriavanuo'g.
749 4136 842 4187 Sensus
888 4138 932 4201 ll)
953 4136 1031 4202 Syrus
1049 4135 1124 4202 legit:
1144 4129 1225 4200 εὐνοίᾳ
1243 4127 1339 4196 ἀκαίρῳ.

290 4235 348 4278 estt
375 4226 536 4276 erouoerlm
564 4228 615 4277 etei
642 4227 738 4292 notitae
761 4235 784 4277 et
810 4227 843 4276 nd
888 4223 931 4281 12)
950 4222 1023 4273 Hunc
1060 4222 1144 4272 locum
1178 4218 1419 4286 praestantissimum

287 4312 505 4384 permundandum
543 4314 748 4379 efficacissimo,
795 4314 842 4364 ced
869 4310 956 4362 laudnt
984 4312 1113 4362 irenaeus
1143 4306 1201 4357 adr.
1231 4305 1301 4356 haer.
1326 4303 1357 4368 V,
1375 4301 1419 4353 28.

289 4400 378 4457 aeine·
421 4399 626 4471 mannitndinem
669 4399 842 4454 Christianus
855 4348 859 4468 1
871 4400 982 4465 (Burei.
1002 4393 1032 4446 lt.
1051 4393 1082 4446 E.
1101 4393 1143 4460 tlt,
1162 4391 1228 4462 ao).
