3659 5209
604 515 742 572 HERHAE
760 514 894 571 PASTOR.
931 515 1028 569 LIBER
1037 516 1065 572 J.
1101 514 1186 584 vtsto
1204 515 1247 569 tv.
1422 521 1485 586 343
1539 584 1542 591 ,

363 681 497 761 terebat,
529 687 559 743 et
588 682 617 743 in
640 686 732 744 totum
756 697 815 742 non
839 680 932 742 movit
954 697 1006 758 se,
1037 678 1134 741 donec
1156 678 1384 761 pertransissem
1408 679 1486 743 illam

362 795 462 852 totam.
507 788 640 850 Habebat
662 793 759 849 autem
784 786 877 848 bestia
900 786 950 847 illa
973 803 1064 866 super
1088 792 1174 866 caput
1198 784 1316 847 colores
1339 793 1484 866 quatuor:
1555 780 1569 795 “

363 895 492 976 nigrum,
516 890 623 954 deinde
645 892 777 953 rubeum·
793 897 822 953 et
841 892 1111 973 sanguinolentum,
1134 889 1204 952 inde
1220 908 1352 968 aureum,
1376 890 1484 954 deinde

361 1000 468 1062 album.
679 985 714 1077 Α,
1281 1057 1283 1061 ,
1396 1077 1398 1080 ¹
1447 1063 1450 1069 ‚

448 1102 481 1164 tt.
504 1101 663 1181 Postquam
685 1104 782 1162 autem
805 1101 985 1180 pertransivi
1007 1102 1094 1179 illam,
1124 1116 1306 1183 progressus
1330 1117 1394 1161 sum
1417 1098 1483 1163 sere

359 1209 454 1291 pedes
478 1208 596 1290 triginta
604 1226 613 1281 ;
638 1212 666 1266 et
691 1222 763 1266 ecce
787 1207 918 1267 occurrit
940 1206 1009 1267 mihi
1027 1204 1043 1280 ⁴¹
1062 1206 1149 1287 virgo
1167 1200 1311 1285 quaedam
1328 1211 1483 1284 exornata,

358 1320 506 1399 tamquam
531 1311 569 1372 de
593 1309 719 1372 thalamo
735 1309 888 1390 prodiens,
911 1316 972 1373 tota
988 1313 1016 1372 in
1033 1311 1118 1387 albis,
1142 1315 1172 1370 et
1188 1309 1393 1370 calceamentis
1409 1309 1482 1370 albis

303 1430 307 1434 ’
358 1414 556 1495 circumdata,
579 1422 609 1478 et
632 1433 728 1495 usque
752 1414 788 1476 ad
812 1415 917 1478 taciem
940 1417 1053 1478 mitram
1076 1415 1207 1489 habens3
1230 1431 1286 1495 pro
1308 1418 1481 1496 tegumento

356 1532 456 1588 autem
480 1523 607 1585 habebat
629 1521 751 1602 capillos
775 1521 894 1583 nitidos.
930 1523 1065 1604 Cognovi
1081 1537 1156 1600 ergo
1173 1538 1189 1580 a
1206 1518 1335 1600 pristinis
1352 1517 1481 1579 visioni-

354 1631 424 1706 bue,
435 1627 582 1708 -quoniam
599 1626 726 1687 ecclesia
744 1631 789 1687 est
799 1645 808 1701 3
833 1633 862 1688 et
877 1627 1001 1690 hilarior
1018 1625 1112 1688 lactus
1128 1643 1201 1687 sum.
1225 1623 1366 1687 Salutavit
1382 1629 1481 1685 autern
1537 1654 1539 1657 ·

354 1733 548 1796 medicans:
574 1749 648 1810 „ave
671 1738 712 1808 tu,
736 1730 855 1792 homo.“
905 1731 943 1794 Et
967 1731 1045 1794 illam
1067 1729 1229 1792 resalutari
1252 1727 1374 1790 dicens:
1399 1725 1479 1810 ᾖ(1ο-Ι

353 1839 452 1915 mina,
476 1837 561 1899 ave.“
606 1835 802 1919 Respondeas
826 1842 924 1898 autem
948 1835 1022 1896 dixit
1042 1834 1127 1895 milri:
1152 1832 1316 1912 „nihiltibi
1340 1831 1479 1908 occurrit,

352 1940 493 2005 homo?“
517 1941 592 2003 Dico
610 1940 654 2001 ei:
680 1938 827 2018 „domina
851 1939 982 2001 occurrit
996 1939 1065 2000 mihi
1082 1939 1146 1999 talis
1163 1937 1268 2015 bestia,
1292 1954 1368 2017 quae
1384 1935 1479 2017 possit

352 2047 498 2130 populum
514 2062 691 2107 consumere
700 2065 709 2120 ;
726 2043 779 2105 sed
797 2046 905 2106 virtute
919 2043 974 2116 Dei
990 2050 1019 2104 et
1034 2042 1177 2128 singulari
1193 2043 1259 2123 ejus
1275 2028 1479 2121 misericordia

352 2152 438 2214 evasi
462 2149 569 2228 illam.“
618 2148 718 2229 „Bene
742 2148 901 2233 ellugisti,“
926 2147 1028 2228 inquit,
1057 2127 1216 2227 „quoniam
1238 2144 1425 2209 solitudinem
1448 2150 1479 2206 et

351 2253 608 2318 ²sollicitudinem
625 2261 701 2316 tuam
719 2254 755 2316 ad
772 2253 926 2317 Dominum
944 2252 1106 2335 projecisti,
1123 2258 1154 2312 et
1169 2268 1221 2312 cor
1237 2255 1317 2310 tuum
1333 2249 1476 2329 aperuisti

351 2359 391 2423 ad
416 2379 493 2439 euna,
517 2360 654 2438 credens,
669 2355 695 2396 ·³
710 2362 789 2440 quod
813 2378 868 2442 per
890 2359 1002 2433 nullum
1026 2358 1112 2420 alium
1135 2355 1247 2439 poteris
1270 2354 1370 2416 salvus
1394 2371 1474 2432 esse,

350 2465 411 2528 nisi
433 2483 495 2547 per
508 2484 648 2548 magnum
672 2470 701 2526 et
724 2454 920 2528 honorificum
944 2482 1052 2526 nomen
1077 2463 1151 2544 ejus.
1181 2460 1307 2540 Propter
1325 2459 1383 2521 hoc
1398 2458 1477 2546 misit

349 2571 498 2633 Dominus
521 2571 657 2651 angelum
681 2587 783 2650 suum,
815 2571 864 2650 qui
889 2578 935 2633 est
958 2588 1048 2651 super
1070 2568 1197 2645 bestias,
1215 2567 1276 2633 'cui
1297 2568 1477 2643 nomenesl

350 2673 506 2758 ⁴Hegrin‚
529 2682 559 2737 ct
582 2677 730 2745 obturavit
753 2694 787 2738 os
811 2677 887 2758 ejus,
911 2694 950 2738 ne
975 2682 1007 2744 te,
1027 2673 1190 2734 dilaniaret.
1221 2670 1358 2753 Magnam
1378 2669 1476 2732 tribu-

348 2781 491 2844 lationem
514 2779 644 2864 ellugisti
664 2786 788 2863 propter
811 2780 898 2843 fidem
922 2787 1010 2858 tuam,
1034 2784 1063 2840 et
1085 2778 1134 2859 qui
1158 2776 1245 2838 talem
1269 2775 1392 2844 bestiam
1415 2792 1486 2836 non.

382 2901 485 2996 'lucre
504 2933 584 3002 Apoc
599 2933 671 3000 21,2
690 2937 900 3000 ercammarum,
928 2938 1009 3005 cipit,
1030 2941 1110 3017 qap,
1137 2918 1197 3001 quc
1214 2931 1316 2982 nomine
1335 2929 1401 2997 apud
1421 2928 1476 2981 lla·

347 3023 366 3077 1·
388 3039 412 3073 ⁰·
432 3039 457 3089 Ρ·
476 3021 518 3074 61·
927 3054 1224 3120 nielcmd,10et20
1247 3054 1351 3120 angelus
1376 3052 1476 3122 signill-

379 3119 415 3182 2)
435 3116 486 3210 esf·
507 3115 597 3170 ¹9⁸¹ss
616 3117 642 3182 ⁵2
659 3119 685 3168 ⁷·
928 3152 1015 3207 catur3
1035 3159 1080 3210 pro
1099 3160 1168 3210 εγρηγ
1187 3147 1270 3192 autem
1289 3143 1408 3208 scriptum
1428 3156 1476 3191 seu

385 3211 486 3278 31011-
505 3212 560 3265 Ᾱΰῑ·
580 3213 606 3279 t,
627 3214 666 3265 ¹2·
928 3230 1020 3281 lectum
1040 3231 1117 3282 luisse
1135 3247 1211 3296 εγρην.
1234 3228 1262 3296 2)
1275 3225 1474 3280 Foitasse'Her·

385 3320 416 3382 4)
436 3318 616 3387 Hieronymus
646 3319 672 3370 iu
697 3318 836 3371 Commeat.
864 3319 900 3370 ‚ad
929 3314 1476 3387 mamhocleremodoscripisseriaapaps

346 3405 441 3476 proph.
459 3403 557 3456 Habac.
578 3404 602 3470 1,
622 3407 655 3473 14
678 3392 788 3458 Hermae
812 3405 899 3457 librum
928 3401 1003 3470 κύριος
1033 3399 1134 3470 ἄγγελον
1162 3396 1250 3467 αὐτοῦ,
1288 3400 1314 3458 ὃς
1341 3399 1405 3450 ἔστιν
1434 3397 1475 3448 int
1501 3438 1507 3443 .

347 3493 472 3547 stultitiae
491 3492 709 3544 condemnandum
728 3509 784 3544 esse
803 3501 900 3557 censet,
928 3493 1024 3554 θηρίον,
1049 3478 1069 3556 ᾧ
1092 3486 1171 3554 ὄνομα
1189 3487 1294 3558 ἄγριον,Ι
1309 3494 1383 3544 misit
1402 3478 1475 3542 Datos

348 3597 408 3634 enm
427 3578 543 3646 angelum
557 3579 701 3646 quemdam,
721 3583 820 3631 nomine
833 3578 900 3644 Tyri,
928 3581 1051 3648 papalum
1075 3595 1156 3632 cuum
1179 3597 1262 3650 carpor
1282 3574 1405 3644 laetiora,
1432 3578 1477 3629 caci

348 3665 484 3734 reptilibus
502 3681 623 3731 praeesse
642 3666 743 3718 scribat.
780 3666 829 3716 Sed
849 3682 897 3716 an·
929 3663 1052 3732 [bestiae]
1077 3682 1170 3719 nornen
1188 3676 1227 3720 eat
1246 3654 1396 3731 quprcva
1415 3665 1431 3714 ἱ·
1451 3678 1474 3733 9·

348 3752 489 3824 geluswille
518 3767 568 3803 non
593 3756 697 3821 Tyrus,
728 3752 773 3804 sed
798 3748 898 3822 Heprin
925 3755 1021 3820 [crum.
1070 3752 1134 3803 Huic
1170 3753 1371 3820 interpretationi
1405 3749 1476 3802 lasci

349 3842 382 3893 ab
395 3839 486 3890 Herma
506 3839 655 3909 appellatur,
675 3849 700 3890 et
718 3832 804 3909 procul
823 3838 899 3888 dubio
928 3840 1007 3892 eom.
1027 3842 1106 3892 sltem.
1126 3839 1281 3904 (clamatam
1298 3842 1378 3906 scapl,
1398 3839 1474 3904 eique

347 3931 417 3997 Ty‘ra'
434 3944 484 3978 vox
505 3927 571 3995 apud
585 3924 765 3994 Hieronymum
777 3925 898 3981 librario·
927 3924 1111 3992 adstipulantur
1126 3928 1261 3979 Ncurrircc
1280 3935 1306 3976 et
1318 3925 1473 3995 Hilgenfeld,
1494 3957 1497 3961 ,

348 4030 404 4066 rurn
432 4017 494 4066 vitio
522 4024 602 4065 ortum
631 4014 715 4066 debet.
759 4011 900 4065 Cotelerius
926 4011 943 4064 l.
957 4028 979 4062 c.
996 4028 1020 4078 p.
1034 4011 1096 4074 1383
1116 4012 1193 4078 priori
1207 4021 1290 4065 autem
1304 4012 1475 4077 patrocinatur

349 4101 414 4151 duas
440 4101 602 4167 conjecturas
627 4100 658 4153 ad
683 4116 774 4152 nomen
800 4102 899 4169 Heprr'u
926 4101 1018 4151 Lricke
1040 4097 1156 4179 weil·
1181 4099 1205 4148 in
1234 4098 1275 4149 die
1302 4092 1474 4165 Ollcnbarung

349 4187 528 4255 explicandum
547 4187 620 4238 nobis
638 4188 753 4257 reliquit:
786 4188 811 4251 l]
832 4184 898 4237 For·
926 4184 1058 4247 Jolrannis)
1077 4200 1102 4251 p.
1119 4185 1177 4235 115.
1196 4185 1254 4236 llot.
1274 4186 1299 4236 2.
1335 4183 1386 4236 cta.
1405 4201 1472 4253 quo·

348 4286 419 4328 tasse
436 4277 556 4342 scriptum
576 4275 653 4326 luisse
671 4293 740 4342 synay
757 4276 773 4325 i.
788 4289 810 4323 e.
826 4286 881 4330 com
927 4286 976 4340 qne
990 4274 1116 4341 litigium,
1136 4272 1151 4325 l.
1165 4291 1186 4325 c.
1202 4290 1228 4342 p.
1245 4274 1301 4325 168.
1327 4271 1377 4326 etr.
1391 4274 1471 4340 Apoe.

348 4363 475 4433 pendiosa
516 4363 640 4431 scriptura
683 4377 730 4431 pro
772 4358 899 4430 iypq'yoppe,
926 4357 952 4424 9,
971 4359 1020 4414 112
1039 4354 1136 4426 ἅγγελος
1151 4356 1290 4434 Ἀββᾳὸὠγ.

1452 4652 1468 4669 ς
1501 4522 1590 4664 Ι
