3659 5209
512 552 515 560 ’
533 554 657 614 tunam
671 552 830 610 urtsrottt
847 557 892 610 A'D
911 504 1079 613 scusatos.
1098 558 1161 615 xm.
1179 560 1244 617 tut.
1261 560 1313 619 XV.
1420 569 1482 634 165

449 793 451 795 ’
549 804 623 870 xm.
669 798 840 870 Conuenite
862 805 993 886 saepius
1015 808 1059 871 ad
1082 809 1195 872 cottam
1217 809 1287 872 Dei.

447 928 544 993 ¹Date
562 927 662 1013 itaque
682 947 814 1012 operam,
837 935 869 992 ut
887 927 1046 996 ²crebrius
1065 926 1293 1015 congregemini
1311 931 1348 997 ad
1367 938 1479 1017 gratias

340 1035 419 1099 Deo
446 1035 597 1118 agendas,
630 1041 659 1098 et
681 1034 718 1098 ad
737 1053 808 1129 eum
833 1032 1047 1098 ³laudandum.
1094 1036 1219 1110 Quando
1252 1037 1330 1100 enim
1359 1043 1480 1123 saepius

341 1141 378 1204 in
414 1138 544 1203 eundem
572 1140 670 1204 locum
701 1141 886 1219 convenitis,
918 1134 1133 1204 labefactantur
1162 1141 1243 1204 vires
1274 1141 1418 1223 Satanae,
1452 1152 1481 1208 et

343 1245 518 1311 concordia
541 1252 662 1308 vestrae
685 1245 754 1308 fidei
777 1245 902 1309 solvitur
925 1246 1056 1323 exitium,
1080 1245 1160 1324 quod
1184 1245 1233 1307 ille
1258 1245 1356 1308 infert.
1401 1249 1481 1312 Nihss

341 1351 552 1435 praestantius
574 1361 649 1433 pace
672 1355 734 1428 est,
765 1367 822 1429 qua
845 1349 982 1413 aboletur
1005 1367 1093 1411 omne
1116 1350 1225 1412 bellum
1251 1350 1427 1414 coelestium
1450 1359 1481 1415 et

343 1462 554 1519 terrenorum.
904 1458 907 1463 “

341 1645 428 1709 XIV.
461 1643 617 1709 'Teneatio‘
630 1644 721 1724 fidem
737 1652 768 1707 et
781 1643 974 1722 charitatem,
997 1653 1028 1707 et
1043 1642 1191 1726 operibus
1206 1667 1264 1713 ooo
1282 1648 1480 1715 Christianos

819 1748 1010 1828 praebeatis.

376 1936 385 1945 ..
439 1867 604 1945 ⁴0uorum
626 1869 698 1933 nihii
722 1874 777 1934 v'os
800 1872 889 1951 iatet,
918 1874 944 1934 si
972 1858 1108 1952 perfecte
1130 1872 1293 1937 habueritis
1323 1875 1352 1938 in
1375 1874 1478 1940 desum

345 1977 501 2043 Christum
524 1976 612 2039 iidem
636 1983 666 2038 et
690 1977 880 2056 charitatem,
912 1993 989 2058 qnae
1012 1976 1123 2037 initium
1148 1978 1226 2040 vitae
1258 1986 1288 2041 et
1310 1979 1377 2042 finis
1400 1986 1477 2045 sunt.

345 2081 555 2166 ⁶Principium
574 2078 693 2163 quidem
713 2081 797 2160 fides,
821 2081 887 2144 finis
913 2079 1014 2143 ⁶vero
1032 2080 1168 2143 charitas.
1205 2082 1286 2145 Haec
1301 2092 1399 2147 autem
1417 2087 1476 2150 duo

344 2189 379 2251 in
404 2204 497 2249 unum
520 2185 656 2247 coeuntia
682 2178 722 2246 ⁷u
745 2186 810 2249 Deo
834 2192 922 2262 sunt3
947 2186 1049 2248 omnin
1068 2203 1142 2248 vero
1165 2186 1221 2248 alia
1245 2186 1280 2249 ad
1301 2189 1478 2270 probitatem

345 2286 550 2355 consectanea
573 2294 649 2351 sunt.
695 2287 797 2351 Nudus
821 2289 909 2352 tidem
932 2290 1075 2371 profitens
1097 2296 1218 2371 peccat,
1248 2310 1346 2372 neque
1375 2293 1476 2358 chari-

345 2404 441 2462 tatem
476 2393 635 2477 possidens
668 2393 738 2459 odit.
783 2389 969 2458 ⁸Manifcsta
1005 2402 1050 2459 est
1084 2397 1172 2458 arbor
1205 2415 1243 2459 err
1274 2394 1373 2460 fructu
1402 2415 1475 2474 suo;

342 2501 496 2580 similiter,
521 2501 571 2581 qui
586 2499 764 2582 profitentur
780 2519 815 2563 se
831 2500 1015 2565 Christianos
1032 2519 1112 2581 esse,
1136 2504 1175 2563 e‘rr
1193 2501 1239 2582 iis,
1263 2515 1339 2582 quae
1355 2500 1475 2581 iaciunt,

348 2612 523 2671 cernentur.
569 2605 635 2668 Non
660 2598 737 2668 enirn
761 2623 840 2669 nunc
863 2600 1078 2686 ⁹proies'sione
1102 2623 1178 2687 opus
1201 2611 1256 2686 est,
1282 2605 1336 2668 sed
1360 2605 1386 2666 si
1409 2604 1475 2684 quis

346 2712 381 2776 iu
405 2711 516 2774 virtute
537 2708 606 2773 fidei
628 2711 795 2773 inveniatur
816 2708 912 2792 usque
935 2709 973 2773 ad
996 2711 1093 2774 tinem.

346 2903 414 2966 XV.
438 2902 509 2966 Non
525 2902 685 2982 loquentes
699 2902 810 2979 solnm,
825 2903 882 2965 sed
898 2909 929 2964 et
942 2902 1070 2965 silentes
1080 2903 1249 2966 Dominum
1260 2898 1471 2981 profiteamur.

441 3018 469 3061 ¹⁰
480 3023 585 3086 Melius
609 3030 663 3105 est,
691 3022 825 3087 ¹¹tacere
848 3033 878 3088 et
901 3044 979 3105 esse,
1004 3045 1091 3107 quam
1113 3025 1286 3106 loquentem
1308 3041 1369 3085 non
1394 3039 1473 3085 esse.

347 3127 379 3170 ¹²
394 3113 510 3193 Bonum
533 3128 728 3209 estdocere,
752 3131 794 3208 si,
819 3129 870 3211 qui
892 3130 970 3211 dicit,
995 3129 1091 3194 iaciat.
1136 3128 1220 3191 Unus
1242 3129 1333 3212 igitur
1356 3120 1472 3206 doctor,

344 3235 400 3318 qui
426 3233 507 3314 dixit,
531 3240 560 3297 et
582 3233 689 3296 iactum
713 3227 777 3310 est3
800 3232 902 3298 sedet
923 3254 1000 3319 quae
1028 3233 1052 3274 ¹³
1063 3235 1155 3299 silens
1176 3232 1257 3312 fecit,
1281 3213 1370 3316 digna
1386 3231 1472 3293 Patre

344 3346 428 3408 sunt.
474 3340 531 3415 Oui
564 3338 687 3402 verbum
721 3339 794 3402 Jesu
827 3342 980 3423 possidet,
1019 3359 1093 3403 vere
1126 3344 1226 3420 potest
1261 3343 1291 3399 et
1323 3330 1472 3398 silentium

344 3446 445 3531 ipsius
478 3445 598 3523 audire,
635 3449 667 3506 ut
699 3444 851 3535 periectos
885 3447 940 3524 sit,
972 3452 1006 3508 nt
1038 3464 1094 3527 per
1127 3462 1182 3523 ea,
1220 3460 1297 3523 quae
1330 3441 1472 3521 loquitur,

346 3558 512 3634 operetur,
550 3555 579 3612 et
614 3544 671 3630 per
687 3540 690 3547 ’
708 3549 854 3635 sitentium
891 3560 987 3613 suum
1016 3552 1225 3633 cognoscatur.
1287 3544 1363 3607 Nihil
1400 3544 1472 3605 latet

345 3657 526 3733 Dominum,
563 3652 618 3717 sed
651 3659 681 3717 et
712 3672 819 3716 arcana
853 3662 953 3718 nostra
985 3672 1081 3736 prope
1114 3654 1209 3734 ipsum
1244 3655 1320 3714 sunt.
1367 3646 1472 3710 Omnia

385 3779 520 3854 etvtttitth.
541 3786 581 3856 12,
601 3788 642 3843 33.
924 3811 970 3840 ται.
1007 3791 1150 3843 Posteriora
1175 3790 1238 3841 haec
1264 3787 1343 3841 rerba
1366 3803 1381 3837 o
1406 3785 1470 3852 Syro

386 3881 416 3946 9)
434 3877 453 3930 1.
468 3894 492 3930 e.
510 3893 578 3929 nunc
597 3893 648 3929 non
662 3877 896 3950 omnia's'oiaprc-
924 3876 991 3930 male
1017 3894 1073 3930 cum
1100 3873 1310 3930 antecedentibus
1336 3873 1471 3939 conjuncta

343 3969 469 4040 fossione
492 3965 552 4016 fidei
577 3964 804 4034 adimpleta-eunt.
840 3956 897 4015 Νῦν
924 3975 988 4018 sunt.

344 4057 425 4109 deest
442 4052 508 4120 apud
527 4051 626 4118 Syrum.
715 4120 721 4127 ι
943 4053 987 4119 ti)
1007 4050 1025 4103 Ι.
1055 4067 1078 4104 e.
1108 4066 1169 4106 crae
1199 4048 1382 4131 Citrietiariam
1410 4047 1470 4100 eine

365 4141 413 4210 10)
434 4139 511 4207 Syrus
541 4139 625 4190 omnia
653 4140 820 4207 praetermisit
849 4142 896 4193 nisi
924 4143 1034 4209 strepitu
1051 4141 1200 4193 cerdonem.
1229 4137 1319 4188 Surrrr.

344 4230 428 4283 hoec:
451 4220 567 4290 ’Ἀμεινόν
584 4224 649 4283 ἔστιν
666 4230 758 4276 σιωπᾶν
777 4229 817 4276 καὶ
837 4225 900 4277 εἷναί
943 4226 987 4288 12)
1006 4223 1057 4276 Cir.
1076 4224 1148 4276 Rom.
1167 4223 1193 4287 2,
1212 4220 1254 4274 2i.

345 4317 411 4384 (n),
436 4309 585 4379 ἢλαλοῠντα
607 4310 641 4378 μη·
664 4312 733 4377 εἶναι,
756 4313 798 4363 ‘ira
815 4309 846 4363 δι’
862 4303 896 4363 ὧν
942 4311 987 4382 13)
1004 4312 1023 4364 1.
1039 4328 1067 4365 e.
1094 4327 1159 4380 quae
1183 4307 1312 4373 Christus,
1341 4307 1373 4361 ab
1399 4307 1469 4361 omui

345 4403 416 4453 aar
430 4397 535 4470 πρᾶσᾳη,
553 4401 593 4450 nat
611 4395 643 4450 δι’
657 4388 691 4450 ὧν
708 4389 763 4469 alypi
778 4398 895 4471 yrrnicnp-
923 4399 1091 4454 catenatione
1108 4412 1214 4465 vacuus,
1230 4394 1348 4466 perfecit.

1496 4510 1600 4660 Ι
