3659 5209
677 525 697 581 l.
715 523 897 583 occubitus
917 526 962 580 AD
981 527 1055 582 COR.
1075 529 1115 582 lll.
1135 530 1187 585 v11.

579 774 624 837 Vl.
661 773 870 837 Continentia.
904 775 1013 840 Plures
1036 779 1093 839 olii
1117 787 1279 860 martyres.

457 894 535 956 Viris
558 895 621 957 istis
646 901 748 959 sancte
772 897 859 957 vitem
875 897 1092 961 instituentibus
1108 918 1214 982 magne
1230 903 1392 969 electorum
1408 910 1486 972 mul-

354 997 464 1060 titudo
486 1005 650 1082 aggregato
673 1005 736 1077 est,
764 1001 814 1080 qui
843 997 1008 1083 ¹supplicia
1032 1003 1120 1067 multa
1144 1012 1173 1066 et
1196 1013 1340 1070 tormento
1362 1021 1486 1095 propter

352 1100 465 1165 zelum
488 1103 583 1183 passi,
616 1104 769 1184 exemplar
800 1105 940 1186 oplimum
972 1108 1048 1169 inter
1069 1125 1126 1170 nos
1150 1111 1319 1174 extiterunt
1363 1114 1486 1198 Propter

350 1206 464 1269 zelum
494 1208 633 1269 mulieres
662 1209 902 1289 persecutionem
933 1228 1057 1290 possae,
1091 1210 1278 1279 “Danaidne
1309 1223 1339 1280 et
1367 1218 1486 1302 Dircae,

349 1318 521 1394 poslquum
544 1313 647 1394 gravia
674 1319 703 1373 ct
727 1313 853 1376 nefando
877 1315 1018 1396 supplicio
1051 1317 1271 1398 sustinuerunt,
1287 1320 1340 1382 ‘od
1371 1322 1486 1387 firmum

347 1414 432 1477 lidei
458 1434 576 1478 cursum
599 1417 805 1499 pertigcrunt,
833 1425 864 1481 et
894 1419 1009 1483 debiles
1038 1438 1167 1501 corpore
1198 1425 1297 1487 nobile
1320 1429 1483 1507 proemium

344 1527 550 1600 acceperunt
603 1521 691 1583 Zelus
722 1540 849 1585 uxorum
878 1524 992 1587 animos
1026 1544 1042 1587 s
1073 1526 1182 1588 moritis
1212 1527 1410 1610 abalienavit,
1454 1539 1488 1607 et¹

340 1620 472 1687 diobrm
499 1626 590 1705 patris
615 1625 709 1687 nostri
731 1627 835 1689 Adsmi
860 1629 996 1692 mutavit:
1032 1625 1119 1693 3Ιιοο
1133 1633 1203 1710 jam
1228 1652 1265 1696 os
1288 1653 1329 1695 ee
1356 1637 1482 1699 ossibus

337 1728 454 1804 meis,
480 1736 510 1789 et
532 1747 608 1792 caro
632 1750 673 1794 ec·
698 1750 793 1794 corne
815 1752 891 1795 meo.
938 1733 1024 1796 Zelus
1048 1741 1078 1796 et
1100 1737 1251 1799 contentio
1275 1738 1366 1801 urbes
1391 1759 1480 1824 meg-

339 1850 411 1896 nss
436 1835 560 1914 evertit,
584 1840 614 1896 et
635 1842 741 1919 gentes
765 1855 940 1900 numerosos
964 1838 1094 1902 funditus
1117 1837 1265 1903 delevit.⁴

617 2025 676 2088 Vll.
721 2026 907 2089 Adbortctio
931 2028 974 2088 od
994 2028 1226 2105 poenitentium.

445 2147 546 2225 llaec,
570 2145 749 2225 charissimi,
773 2165 834 2210 non
857 2153 986 2226 tontum,
1010 2154 1041 2209 ut
1064 2165 1118 2210 vos
1141 2148 1231 2211 officii
1261 2153 1352 2216 vestri
1368 2155 1475 2221 admo·

329 2269 492 2329 neamus,
516 2251 681 2328 scribimus,
704 2244 757 2312 sed
782 2253 878 2331 etism,
901 2260 933 2317 ut
955 2255 1110 2335 nosipsos
1134 2250 1473 2339 ⁵commoneisciomus3

330 2356 376 2419 iu
406 2355 515 2417 eadem
539 2355 616 2417 enim
639 2372 729 2416 arena
752 2374 918 2434 versemur,
942 2365 972 2419 et
994 2363 1143 2420 certamen
1168 2356 1246 2418 idem
1266 2359 1352 2423 nobis
1375 2363 1474 2444 impo-

329 2460 440 2525 situm
465 2467 519 2521 est.
564 2455 692 2532 ⁶Ormre
715 2461 819 2523 inanes
843 2468 873 2523 et
895 2478 985 2525 vonas
1018 2479 1105 2524 curos
1132 2461 1352 2542 relinquamus,
1385 2471 1414 2527 et
1436 2466 1473 2528 od

329 2565 513 2648 gloriosum
538 2570 567 2625 et
589 2563 789 2626 venerendam
815 2558 962 2627 lsonctoe
992 2567 1155 2628 vocationis
1188 2572 1309 2628 nostroe
1333 2562 1472 2632 8lineom

331 2664 489 2752 [metum]
506 2648 668 2754 veniemus.
704 2666 780 2741 Ouid
796 2667 959 2748 pulchrum,
985 2668 1055 2748 quid
1075 2668 1238 2751 jucundum
1264 2678 1292 2733 et
1317 2680 1471 2753 acceptum

332 2790 451 2836 corum
474 2772 580 2853 opifice
602 2778 707 2836 nostro
730 2773 783 2851 sit,
807 2771 970 2834 videamus.
1016 2773 1195 2854 Sanguinem
1220 2772 1326 2838 Christi
1350 2778 1470 2842 intentis

333 2876 444 2942 oculis
476 2877 659 2955 intueamur,
690 2883 720 2938 et
751 2895 837 2957 quum
866 2876 1018 2956 pretiosus
1048 2876 1113 2938 Deo
1146 2878 1184 2938 sit
1214 2880 1280 2962 ejus
1308 2875 1469 2964 ⁹songuis,

333 2982 590 3061 consideremus,
621 2982 671 3063 qui
700 2988 822 3064 propter
844 2987 976 3043 nostrum
998 2981 1122 3043 salutem
1147 2979 1258 3044 effusus
1281 2985 1333 3045 toti
1358 2984 1467 3049 mundo

331 3087 548 3170 poenitentiae
564 3088 688 3170 gretiam
704 3086 816 3149 obtulit.
842 3084 1040 3149 Recurrsmus
1056 3083 1092 3146 ad
1108 3102 1214 3149 omnes
1226 3085 1326 3149 mundi
1344 3093 1467 3169 aetates,

333 3222 441 3278 Dircen
459 3233 543 3276 nutem
562 3224 593 3274 sb
610 3221 752 3290 Amphione
771 3231 798 3274 et
815 3218 909 3328 iretre'
954 3222 982 3285 4)
995 3220 1029 3273 'Si
1047 3220 1106 3272 urbs
1125 3220 1276 3288 Jerusalem,
1299 3222 1371 3289 cujus
1389 3223 1466 3276 letale

335 3313 399 3381 ejus
411 3311 494 3364 Zetho
512 3310 631 3363 comibus
649 3311 714 3362 tauri
732 3309 815 3361 rubidi
831 3309 891 3361 ulli·
919 3310 1045 3361 excidium
1060 3311 1209 3377 proesertim
1225 3310 1285 3360 rixis
1300 3311 1404 3363 internis
1417 3326 1464 3362 uc·

334 3409 429 3473 putum
452 3398 532 3449 luisse
553 3396 654 3450 tubulus
673 3396 781 3449 trudunt.
818 3395 891 3447 Aliae
918 3393 1057 3468 celemtum
1075 3395 1176 3459 fueret,
1192 3393 1245 3460 jum
1261 3394 1352 3448 inisset
1372 3395 1464 3462 diruto,

334 3488 458 3555 virgines
481 3501 527 3538 seu
552 3484 672 3536 mulieres
697 3483 889 3534 christianorum
917 3479 1006 3533 bertus
1025 3478 1143 3534 Clemens
1163 3481 1325 3533 novissimum
1343 3489 1370 3532 et
1388 3481 1463 3533 cele-

333 3572 453 3625 lortosse
467 3579 600 3640 antequem
615 3568 771 3623 necabuntur
782 3573 887 3624 Danai-
915 3565 1051 3619 berrimum
1069 3567 1119 3620 hoc
1138 3567 1282 3635 exemplum,
1298 3569 1340 3619 vix
1358 3568 1462 3620 silentio

335 3661 438 3714 dmum
464 3657 586 3724 supplicio
614 3656 647 3708 sd
675 3657 779 3709 crudele
806 3655 888 3724 plebis
914 3656 1094 3720 praeteriisset.
1116 3652 1461 3708 Crett'mttrmmasnmm

334 3741 515 3812 spectaculum
528 3741 622 3806 subire,
637 3742 887 3813 Teutoniquepoenus
914 3758 939 3809 p.
960 3741 1002 3792 54.
1399 3782 1401 3787 .

333 3836 538 3897 repraesentare
561 3828 704 3894 debebant,
730 3839 755 3881 et
772 3832 808 3882 sic
827 3838 886 3881 ente
949 3828 978 3889 5)
991 3822 1242 3889 blednopmlnnorteq.
1257 3824 1461 3895 Simplexlorms
1549 3891 1552 3895 λ
1600 3907 1606 3921 ¹

333 3929 433 3967 uocem
462 3915 541 3980 ipsum
571 3913 664 3967 diutius
694 3924 721 3967 ct
751 3915 886 3968 multifarie
912 3910 1459 3980 duoprq'nxneticmopudOrpbeumlhymn.

333 3999 528 4054 metabantur.
555 4000 688 4067 Ejusmodi
699 4009 822 4068 martyres
834 4017 884 4053 no·
913 3998 956 4064 tr,
975 4000 1000 4050 6.
1021 4000 1062 4051 ed.
1080 4000 1165 4052 Herm.
1184 4015 1210 4067 p.
1230 3997 1294 4066 345)
1314 4000 1433 4050 occurrit.

332 4089 406 4141 mino
427 4089 610 4141 banammom
628 4096 654 4137 et
672 4090 772 4141 Βίην
795 4095 848 4139 tom
864 4104 885 4139 ,ι
947 4085 978 4153 6)
993 4086 1065 4137 llaec
1082 4086 1172 4136 recitet
1190 4082 1343 4151 Polycarpus
1363 4099 1386 4134 c.
1404 4081 1430 4131 7.

330 4173 457 4227 fidelibus
469 4180 520 4224 tum
533 4188 547 4224 e
560 4173 664 4240 pugneis
677 4173 806 4242 insignitus
819 4189 885 4239 esse,
946 4171 976 4239 7)
988 4171 1079 4223 blillius
1089 4172 1104 4223 l.
1115 4166 1456 4250 r[eic3d]mor=bnptimi.

330 4240 458 4314 dubitare
476 4261 519 4310 vix
537 4273 679 4324 possumus.
946 4257 977 4326 8)
996 4256 1047 4310 Cir.
1062 4258 1095 4309 de
1109 4256 1195 4308 Wette
1210 4256 1243 4308 ud
1255 4253 1277 4307 ll
1287 4252 1344 4308 Cor.
1358 4252 1400 4318 1⁰,
1413 4249 1455 4301 13.

368 4346 402 4413 8)
423 4345 487 4398 Gon.
506 4344 533 4411 2,
551 4343 593 4396 23.
945 4345 975 4412 9)
993 4346 1074 4412 Hcrpi
1091 4348 1189 4396 Brun.
