3659 5209
482 521 606 576 tonitru
624 496 782 577 aristote
801 520 846 576 ΑΙ)
867 520 1035 577 aenestos.
1054 522 1085 577 ll.
1103 522 1146 577 111.
1165 523 1206 578 tr.
1342 530 1405 595 155

280 685 330 767 qai
362 682 540 767 glorificavit
570 700 639 762 vos,
674 690 706 746 ut
734 682 762 746 in
793 683 962 747 obedientia
989 701 1047 745 una
1071 685 1133 746 sitis
1156 685 1281 766 periecti
1306 683 1405 771 ¹[ea-

279 791 346 853 dem
382 796 481 853 mente
515 789 679 870 eademque
712 791 877 867 sententia,
915 789 1053 869 idemque
1088 788 1191 851 dicatis
1212 789 1263 850 de
1298 793 1404 855 eodem

279 889 411 977 omnes]‚
436 901 467 956 ut
490 890 642 978 ²subjecti
665 895 808 979 episcopo
831 902 860 957 et
882 895 1070 983 presbyterio
1094 914 1149 983 per
1172 897 1268 963 amnia
1291 900 1405 961 sancti-

279 999 358 1062 ficati
381 1001 453 1063 sitis.

235 1210 246 1251 e
279 1191 325 1258 lli.
371 1192 447 1259 Siac
476 1159 573 1259 omni*
590 1192 740 1275 caperata
763 1226 805 1241 -·
829 1213 934 1258 amore
962 1196 1075 1259 dactus
1098 1227 1139 1241 -
1164 1214 1223 1261 aas
1252 1198 1407 1263 adhortor

730 1300 949 1363 edacitatem.

235 1422 249 1483 r?
368 1415 463 1485 3Νοη
486 1420 637 1504 praecipio
663 1421 765 1502 vobis,
800 1424 885 1504 quasi
908 1423 963 1486 sim
991 1422 1105 1504 aiiqais.
1153 1423 1293 1498 Quamvis
1328 1426 1405 1491 enim

278 1527 398 1588 vinctus
420 1544 485 1589 sum
508 1534 630 1609 propter
653 1521 789 1590 ⁴nomen
813 1527 939 1607 Christi,
968 1529 1099 1591 nondum
1131 1534 1227 1591 tamen
1252 1530 1405 1612 periectas

235 1656 249 1693 ι
278 1649 345 1695 sum
369 1633 398 1693 in
421 1630 495 1695 tosa
520 1632 647 1695 Christo.
691 1632 781 1699 Nune
808 1635 885 1696 enim
918 1633 1027 1715 incipio
1060 1633 1221 1715 disciputus
1252 1653 1341 1713 esse,
1376 1643 1406 1699 et

235 1736 248 1797 i
276 1737 419 1818 alloquor
442 1755 496 1800 vos
518 1744 549 1800 ut
568 1735 793 1818 ⁵c0ndoctores
813 1755 905 1800 meos.
943 1737 1017 1799 Nam
1042 1739 1198 1819 oportebat
1219 1759 1265 1802 me
1283 1759 1299 1801 a
1320 1740 1405 1802 vobis

235 1865 246 1905 ι
274 1836 476 1903 ⁶coniirmari
499 1840 568 1917 fide,
592 1840 803 1919 admonitione,
826 1842 976 1922 patientia,
1000 1844 1237 1922 aequanimitate.
1276 1843 1316 1906 ht
1338 1862 1405 1905 cunr

235 1972 241 2009 :
273 1945 408 2010 charitas
431 1964 491 2009 non
514 1946 592 2008 sinat
611 1964 661 2007 mc
692 1951 793 2008 tacere
822 1945 861 2008 de
890 1948 992 2024 vobis,
1027 1940 1213 2028 ⁷propterca
1246 1949 1402 2027 anteveni,

235 2057 237 2060 ’
272 2070 333 2116 vos
361 2052 542 2129 admonere,
573 2043 636 2112 8ιιι
664 2051 804 2113 uniamini
833 2052 862 2131 in
894 2051 1040 2113 sententia
1063 2051 1127 2113 Dei.
1173 2051 1288 2114 Etenim
1311 2052 1401 2115 Jesus

269 2156 430 2233 Christus,
461 2150 693 2234 ⁹inseparabilis
717 2161 818 2217 nostra
841 2156 918 2235 pita,
948 2159 1094 2219 sententia
1120 2151 1144 2192 ¹⁰
1159 2157 1251 2218 Patris
1275 2150 1338 2235 est',
1371 2164 1404 2220 ut

269 2269 303 2323 et
331 2261 476 2342 episcopi,
501 2277 556 2343 per
579 2256 601 2296 ¹¹
620 2264 730 2325 tractus
744 2266 854 2324 terrae
877 2260 1037 2340 constituti,
1063 2259 1088 2300 ¹²
1104 2262 1132 2325 in
1155 2264 1301 2327 sententia
1324 2262 1398 2328 iesu

271 2365 387 2429 Christi
410 2373 487 2429 sunt.

389 2557 435 2625 IV.
479 2557 668 2642 Presbyterii
690 2561 842 2625 caritatem
865 2578 932 2624 cam
955 2560 1101 2644 episcopo
1124 2561 1307 2632 imitemini.

371 2675 395 2717 ¹³
406 2680 490 2744 Unde
513 2681 599 2744 decet
621 2698 676 2747 vos
700 2684 728 2747 in
752 2685 885 2767 episcopi
906 2685 1082 2747 sententiam
1100 2701 1292 2761 concurrere,
1321 2683 1401 2764 quod

276 2789 318 2849 et·
331 2783 435 2848 facitis.
481 2786 555 2850 Nam
571 2790 763 2852 memorabile
782 2796 913 2851 vestram
936 2790 1164 2872 presbyterium,
1187 2788 1307 2871 dignum
1325 2789 1401 2866 beo,

276 2890 318 2951 ita
342 2897 509 2970 coaptatum
532 2899 578 2955 est
602 2893 755 2975 episcopa,
784 2890 850 2955 Μυι
869 2893 999 2956 chordae
1019 2895 1159 2956 citharae.
1196 2894 1321 2974 Propter
1346 2893 1403 2955 hoc

277 2995 308 3057 in
332 3012 485 3061 consensu
507 3003 609 3060 vestro
633 3005 663 3060 et
685 2998 830 3061 concordi
854 2997 995 3060 charitate
1017 2997 1107 3060 Jesas
1126 2997 1259 3061 Christus
1279 2999 1401 3067 canitur,

277 3098 340 3163 Sed
364 3106 394 3163 et
417 3119 471 3165 vos
492 3102 600 3185 singuli
624 3101 733 3165 chorus
757 3109 872 3181 estote,
901 3109 932 3166 ut
963 3104 1087 3165 consoni
1116 3122 1172 3187 per
1202 3103 1401 3181 concordiam,

277 3204 376 3268 maios
398 3205 455 3269 Dei
476 3209 656 3290 recipientes
680 3213 709 3271 in
734 3209 861 3286 unitate,
891 3207 1013 3271 cantetis
1040 3225 1116 3270 voca
1137 3225 1197 3269 una
1221 3225 1276 3289 per
1298 3208 1400 3271 desum

315 3410 343 3475 7)
363 3409 515 3480 Respexisse
538 3413 637 3467 ridetur
660 3414 688 3467 B.
710 3413 783 3466 Pater
801 3413 826 3468 S.
854 3429 879 3481 p.
901 3414 961 3465 472.
981 3414 1038 3466 Not.
1058 3411 1118 3466 160.

277 3497 385 3549 Panium
396 3499 428 3549 ad
441 3498 546 3569 Phiicm,
559 3516 582 3553 v.
596 3500 658 3554 aa.
677 3505 826 3554 -Jsoooson
874 3480 986 3567 12)¹·Qai
1016 3503 1041 3553 in
1071 3504 1195 3554 sententia
1222 3505 1336 3570 episcopi
1363 3508 1404 3553 est

314 3583 346 3652 8)
365 3583 404 3636 De
425 3602 500 3637 sensu
520 3586 594 3652 hujus
613 3588 662 3640 ioci
682 3597 708 3640 et
730 3602 827 3653 eorum,
855 3588 912 3655 [:
932 3574 1014 3639 unitus
1045 3588 1096 3652 ei),
1134 3591 1209 3641 etiam
1243 3591 1328 3640 unitus
1364 3597 1404 3640 est

277 3673 325 3741 qui
355 3681 512 3740 sequuntur,
540 3673 584 3725 cir.
601 3678 737 3740 Uibidiam,
769 3675 784 3727 Ι.
804 3691 826 3727 c.
855 3675 969 3738 Christ03
1001 3683 1026 3725 et
1051 3677 1094 3743 qui
1117 3678 1202 3728 unitas
1228 3683 1267 3726 est
1291 3674 1401 3741 Christo,

276 3778 304 3828 p.
322 3759 416 3828 disq,
435 3761 475 3828 qai
494 3769 589 3813 textum
605 3771 719 3815 nostrum
740 3769 826 3812 contra
854 3764 931 3813 etiam
957 3763 1039 3812 unitus
1064 3771 1103 3814 est
1127 3761 1200 3813 Patri.
1238 3760 1288 3814 Cir.
1308 3766 1400 3830 Raiba,

276 3845 438 3899 Baneeoiuna
455 3846 576 3905 defendit.
855 3851 914 3918 hof.
933 3864 958 3915 p.
977 3849 1125 3901 ‹iti-478.

235 3943 237 3953 '
315 3933 346 4000 9)
364 3931 416 3985 cfr.
432 3935 499 3985 inira
518 3934 549 3986 ad
562 3934 635 3988 tritt.
655 3954 677 3988 c.
694 3936 715 3987 i.
731 3933 825 3987 etich.
877 3935 921 4000 13)
941 3935 1029 3987 Totum
1054 3945 1140 4010 caput¹
1152 3945 1265 4006 quanam
1278 3937 1359 3997 deest
1377 3937 1402 3988 in

281 4015 325 4086 15',
338 4021 363 4070 5.
383 4019 480 4073 Coton.
494 4021 518 4086 3,
532 4022 557 4075 4.
576 4022 683 4075 Sensus:
701 4027 781 4092 plane
799 4027 827 4075 ia
853 4025 972 4075 versione
991 4023 1111 4089 Syriaca,
1131 4039 1180 4075 non
1198 4026 1223 4075 in
1240 4023 1401 4086 Armeniaca,

276 4126 309 4162 eo
328 4110 462 4172 virimar,
481 4111 579 4178 et'ipse
598 4115 626 4162 in
643 4113 731 4164 nodia.
817 4178 820 4182 Ι
854 4126 921 4178 quae
958 4111 1090 4177 epistolam
1132 4118 1243 4162 nostram
1278 4113 1413 4176 integrata·

298 4190 596 4260 interamniae.
623 4194 708 4249 harah.
729 4196 826 4262 11,27.
854 4199 977 4248 continet.
1061 4224 1064 4239 ι
1168 4267 1170 4271 ι
1384 4236 1386 4241 .

298 4280 345 4346 11)
365 4301 401 4326 =
418 4276 443 4328 ἓν
466 4277 536 4344 πάσῃ,
554 4284 583 4345 τῇ
606 4280 739 4346 οἰκουμένῃ.
775 4281 826 4335 Cir.
873 4283 926 4352 14).
936 4282 1035 4335 Eadem
1052 4281 1214 4337 similitudine
1227 4285 1303 4334 utitor
1314 4287 1402 4332 noster
1420 4298 1425 4313 ¹

277 4367 335 4446 Igu.
365 4365 397 4417 ad
412 4365 499 4434 Rom·
525 4383 548 4425 c.
567 4367 610 4445 6,Ἰ
637 4373 734 4441 Bothe,
766 4373 825 4444 Ans.
855 4372 930 4428 etiam
948 4373 973 4423 in
991 4362 1038 4442 Ep.
1057 4370 1090 4422 ad
1108 4368 1204 4424 Philad.
1223 4385 1246 4421 c.
1261 4371 1283 4422 1.
1308 4372 1401 4420 Ussao.

1398 4512 1530 4664 Ι
