3659 5209
522 512 646 569 ranam
661 513 820 569 naseam
838 514 883 567 an
904 513 1099 570 unennsms.
1119 517 1150 570 v.
1168 516 1210 571 vn
1229 518 1281 573 vn
1399 523 1461 589 rm

335 674 373 737 V.
423 673 552 738 Talibus
570 674 739 754 proposita
758 682 805 738 cst
823 695 920 753 mors,
944 676 1020 756 qaia
1035 676 1246 739 characterem
1262 679 1460 746 Christiano-

381 797 461 856 rum,
484 771 540 865 τήν
561 767 694 864 ἀγάπην,
718 799 781 842 non
802 780 933 857 habent,
962 788 992 842 ct
1017 781 1242 860 cupiditatibus
1264 786 1332 848 suis
1353 807 1418 850 non

630 948 635 955 ,
809 884 993 949 moriantur.
1502 867 1505 873 ,

427 988 502 1061 Ouia
526 994 623 1051 autern
645 1007 696 1051 res
720 989 808 1051 finem
831 991 950 1069 habent,
978 987 1169 1053 ¹incumbunt
1184 990 1243 1054 duo
1259 993 1355 1072 simul,
1379 1015 1460 1060 mors

333 1097 373 1183 ot¹
391 1093 462 1169 uita,
486 1099 515 1156 et
538 1094 744 1176 unusquisque
766 1090 821 1171 ²in
844 1095 997 1176 proprium
1020 1094 1118 1163 locum
1134 1096 1228 1158 iturus
1245 1102 1299 1160 est.
1346 1100 1461 1173 Quem-

329 1193 497 1279 admodum
513 1198 591 1260 enim
606 1206 676 1262 sunt
692 1200 864 1261 numismata
877 1198 948 1277 duo,
965 1195 1111 1262 ³alterum
1125 1199 1242 1281 quidem
1256 1201 1320 1280 Dei,
1336 1203 1459 1266 alterum

331 1307 439 1365 autem
471 1303 588 1382 mundi,
623 1311 654 1367 et
684 1303 917 1385 unumquodque
951 1304 1102 1385 proprium
1138 1304 1341 1370 characterem
1373 1308 1462 1370 habet

329 1406 526 1488 impositum3
550 1409 588 1471 ita
611 1409 746 1489 infideles
770 1408 973 1471 characterem
996 1408 1095 1471 mundi
1118 1408 1216 1492 hujus,
1239 1411 1343 1475 fideles
1364 1420 1461 1477 aulem

332 1508 369 1573 in
392 1509 760 1593 charitatecharacterem
782 1512 838 1574 Dei
860 1513 953 1575 Patris
976 1531 1032 1594 per
1051 1512 1153 1575 lesum
1173 1514 1319 1577 Christum
1342 1518 1461 1596 habent,

331 1632 395 1695 per
418 1632 504 1695 quem
527 1616 583 1678 nisi
612 1622 762 1698 propensa
792 1617 878 1679 nobis
911 1624 958 1679 est
987 1617 1123 1680 voluntas
1153 1618 1229 1680 mori
1253 1621 1348 1702 juxta.
1370 1623 1462 1703 ipsius

333 1720 528 1803 passionem,
551 1740 608 1786 nea
630 1724 689 1787 vita
711 1692 814 1806 ipsius⁹
826 1722 856 1786 in
879 1723 967 1786 nobis
990 1729 1044 1787 cst.

677 1915 725 1982 vl.
775 1914 885 1977 Tencte
907 1913 1118 1991 concordiam.

341 2104 344 2109 ,
429 2035 525 2108 Ouum
549 2036 648 2117 itaque
671 2035 700 2096 in
724 2035 862 2116 personis
886 2050 976 2114 supra
1001 2032 1087 2095 dictis
1110 2051 1227 2096 omnem
1249 2035 1462 2099 multitudinem

334 2135 400 2200 ⁴iu
423 2138 482 2201 lide
505 2147 534 2203 et
557 2137 727 2201 ⁵charitate
753 2138 999 2220 conspexissem,
1031 2137 1151 2215 hortor,
1182 2144 1214 2200 ut
1244 2139 1274 2200 in
1301 2141 1462 2203 concordia

336 2243 440 2309 omnia
470 2263 618 2326 peragere
647 2241 808 2321 studente,
842 2224 985 2324 episcopo
1015 2240 1204 2323 praesidente
1233 2242 1301 2304 locb
1328 2242 1400 2321 Dei,
1433 2249 1463 2304 et

331 2347 525 2431 presbyteris
547 2347 616 2411 loco
639 2355 760 2410 senatus
783 2346 949 2426 apostolici,
973 2353 1002 2408 et
1018 2346 1161 2424 diaconis,
1184 2346 1252 2407 mihi
1269 2348 1462 2425 suavissimis,

336 2446 544 2517 concreditum
567 2452 742 2515 habentibus
763 2451 955 2515 ministerium
970 2450 1044 2513 lesu
1060 2449 1177 2526 Christi,
1201 2448 1251 2529 qui
1272 2456 1340 2511 ante
1359 2449 1462 2510 secreta

332 2554 556 2645 apud-patrem
580 2546 660 2635 erat,
689 2562 718 2618 et
740 2555 770 2618 in
792 2555 850 2618 tine
874 2556 1017 2637 apparuit.
1063 2553 1173 2616 Omnes
1198 2554 1302 2636 igitur,
1330 2555 1461 2636 acceptis

335 2659 447 2739 iudam
460 2661 566 2724 divinis
578 2662 719 2740 moribus,
732 2656 807 2723 ⁶vos
819 2667 920 2722 mutua
933 2658 1140 2737 revereamini,
1154 2664 1184 2720 et
1195 2676 1283 2720 nemo
1297 2659 1461 2721 secundum

338 2782 464 2833 munem
495 2771 612 2846 spectet
636 2759 845 2847 ⁷proximum,
874 2763 929 2825 sed
960 2763 989 2825 in
1012 2762 1086 2826 Jesu
1109 2762 1225 2825 Christo
1256 2779 1312 2825 vos
1334 2762 1462 2825 invicem

337 2880 463 2953 semper
486 2869 622 2951 diligatis.
668 2869 746 2931 Nihil
768 2870 807 2932 sit
829 2868 860 2930 in
883 2868 987 2945 vobis,
1012 2865 1092 2947 quod
1116 2866 1209 2946 possit
1231 2884 1287 2928 vos
1311 2865 1461 2946 dirimere,

336 2970 396 3043 sed
419 2973 560 3061 unianimi
582 2973 725 3054 episcopo
749 2978 779 3035 ct
800 2970 1047 3052 praesidentibus,
1063 2970 1101 3032 jn
1123 2965 1253 3053 ⁸typum
1277 2975 1306 3032 et
1333 2969 1461 3033 demon-

336 3076 515 3141 strationem
538 3076 784 3141 inimortalitatis:

336 3371 402 3436 ula
445 3371 535 3454 Apite
567 3373 649 3436 nihil
679 3374 748 3437 siae
782 3373 932 3452 episcopo
962 3379 992 3434 ct
1020 3358 1233 3452 presbptecis3
1265 3370 1338 3435 sitis
1367 3391 1463 3435 anam

786 3477 930 3555 temptam
950 3476 1021 3538 Dei.

429 3595 682 3671 Quemadmodum
705 3597 796 3680 igitur
811 3597 955 3661 Dominus
978 3598 1044 3691 sine
1059 3597 1155 3677 Patre,
1180 3597 1236 3678 ipsi
1257 3595 1367 3677 unitus,
1392 3595 1462 3658 nlhil

376 3730 406 3794 6)
425 3730 550 3800 Baussu,
577 3731 701 3785 diedesi
723 3734 815 3786 ichtsn
837 3742 886 3786 etc.
914 3732 971 3785 Deo
997 3733 1075 3799 uniti,
1102 3733 1227 3802 simulque
1253 3731 1311 3798 alii,
1341 3735 1464 3785 unitatem

336 3814 428 3871 uncte
447 3816 493 3870 des
510 3815 564 3886 Igu.
583 3835 608 3872 v.
627 3819 657 3873 h
676 3836 702 3888 p.
717 3820 766 3874 132
784 3821 888 3887 conjicit
914 3828 1025 3872 vestram
1052 3835 1107 3870 cum
1126 3821 1248 3887 episcopo
1267 3821 1461 3885 conspicientes,

335 3896 443 3968 dubios
915 3905 948 3959 ad
971 3906 1160 3973 persuasionem
1185 3905 1218 3956 de
1241 3906 1295 3957 vita
1317 3903 1359 3961 itta
1377 3903 1461 3954 addu-

354 3990 407 4063 Jl)
426 3987 464 4042 lte
497 3990 557 4042 dedi
587 4007 619 4044 cx
647 3989 833 4060 interpolatore
863 4000 890 4044 et
916 4000 1012 4045 cuntur.
1052 3994 1302 4045 hl'isrdischmsussus
1320 3987 1462 4056 (Vindicius

337 4066 520 4131 emendatione
559 4077 666 4147 Toupii,
713 4078 889 4130 consentiente
914 4077 1034 4130 Petrinae
1062 4093 1088 4144 p.
1116 4076 1162 4144 69)
1193 4093 1249 4128 eum
1277 4075 1368 4127 Vossio
1399 4072 1463 4141 legit

336 4150 654 4235 Psessoniosbsaoeson.
690 4160 735 4215 nte.
753 4165 796 4228 τῷ,
815 4163 889 4217 male.
916 4161 995 4215 τόπον
1013 4172 1040 4215 st
1056 4162 1157 4231 supplet
1175 4163 1254 4229 septe,
1282 4168 1368 4213 conas
1387 4159 1462 4210 fldem

373 4250 406 4319 8)
424 4247 444 4301 l.
468 4265 491 4300 e.
513 4246 597 4301 ¹unitas
623 4265 680 4301 cum
705 4251 828 4318 episcopo
852 4259 891 4302 est
917 4251 1011 4303 codicis
1029 4249 1139 4301 hledicei
1159 4257 1186 4300 et
1203 4249 1322 4316 autiquae
1338 4245 1462 4299 nunionis

335 4342 415 4407 typus
432 4336 502 4389 nites
519 4334 596 4402 illius,
615 4351 692 4404 quam
708 4337 788 4391 sancti
801 4337 892 4390 uiuunt
917 4337 1020 4390 latinae.

390 4440 457 4481 ram
470 4444 534 4490 rnna.
549 4438 587 4479 ue.
602 4440 637 4480 m.
1215 4419 1257 4488 12

1427 4586 1580 4664 ΙΝ
