3659 5209
592 520 731 575 manne
749 521 884 577 PASTOR.
921 523 1016 576 LlBEll
1035 523 1056 580 Ι.
1094 523 1238 579 t'ts101n.
1414 531 1477 597 333

346 682 440 762 mina,
464 688 497 744 ut
513 681 650 746 iratribus
665 684 846 765 annuntiem,
869 693 897 747 et
914 684 1071 750 hilariores
1087 687 1167 766 bant,
1188 693 1217 749 et
1232 686 1307 749 baec
1322 687 1476 753 audientes
1588 696 1591 701 '

345 785 553 851 honorificent
576 788 731 861 Dominum
755 808 821 852 curn
844 790 931 852 multa
954 791 1080 873 gloria.“
1126 791 1163 854 Et
1185 792 1233 854 illa
1256 793 1310 854 ait:
1336 795 1477 871 ,audiant

346 892 470 975 quidem
499 892 597 968 multi;
632 898 661 954 et
691 911 780 973 quum
810 894 973 975 audierint,
1005 895 1122 976 quidam
1152 915 1192 959 ex
1221 898 1265 959 eis
1292 899 1476 981 gaudebunt,

345 997 470 1078 quidam
493 1003 590 1058 autem
617 996 737 1060 tlcbunt.
784 997 842 1061 Sed
874 1006 904 1061 et
933 1000 979 1061 isti
1009 1001 1180 1080 audientes,
1212 1002 1238 1064 si
1265 1002 1475 1084 poenitentiam
1544 1009 1549 1019 '

345 1102 489 1184 egerint,
521 1108 552 1164 et
575 1101 631 1183 ipsi
654 1101 832 1183 gaudebunt.
879 1100 959 1164 Audi
988 1123 1068 1168 nunc
1099 1087 1139 1168 de
1167 1106 1356 1169 similitudine
1386 1109 1475 1170 turris

345 1209 450 1271 omnia
473 1208 556 1287 baec,
581 1214 610 1269 et
633 1207 775 1271 hactenus
799 1209 867 1270 mibi
892 1209 930 1271 de
950 1210 1135 1271 revelatione
1151 1211 1304 1274 molestior
1320 1188 1393 1274 esse
1404 1211 1474 1274 noli.

344 1310 562 1375 Revelatioues
586 1313 663 1373 enim
686 1294 760 1375 istae
784 1313 871 1376 finem
893 1313 1002 1377 babent
1009 1335 1018 1390 3
1042 1314 1179 1395 impletae
1201 1324 1270 1380 sunt
1290 1317 1377 1378 enim.
1416 1314 1474 1380 Sed

344 1420 382 1480 tn
405 1436 472 1480 non
505 1416 616 1479 desinis
647 1418 676 1479 in
707 1418 836 1499 petendo
866 1419 1067 1481 revelationes
1075 1439 1084 1495 3
1121 1418 1297 1502 'improbus
1327 1422 1404 1483 enim
1431 1439 1474 1484 es.
1583 1457 1585 1460 -

346 1508 458 1585 ‘furris
480 1521 617 1602 quidem,
642 1541 727 1604 quam
751 1523 835 1586 vides
857 1524 1025 1604 aedificari,
1050 1543 1108 1606 ego
1131 1543 1196 1589 snm
1220 1527 1367 1606 ecclesia,
1397 1545 1474 1609 quae

344 1627 401 1709 tibi
432 1628 572 1710 apparui,
606 1637 635 1691 et
665 1630 753 1693 modo
785 1635 814 1691 et
844 1630 943 1711 prius:
980 1631 1195 1712 Quodcumque
1218 1633 1309 1714 igitur
1330 1628 1474 1711 volueris,

345 1734 505 1815 interroga
529 1732 566 1794 de
589 1733 679 1812 turri,
712 1740 741 1796 et
762 1734 904 1798 revelabo
929 1735 997 1814 tibi,
1027 1742 1059 1798 ut
1082 1735 1214 1816 gaudeas
1243 1755 1310 1799 cum
1326 1736 1472 1799 ·sanctis.“
1522 1765 1527 1774 ·

344 1838 425 1903 llioo
450 1839 498 1900 ei:
532 1838 686 1918 ,domina,
710 1840 847 1919 quoniam
871 1859 919 1901 me
942 1840 1036 1903 semel
1060 1839 1180 1923 dignum
1203 1842 1342 1904 arbitrata
1365 1860 1417 1921 es,
1442 1847 1474 1904 ut
1562 1845 1573 1853 “

347 1942 448 2006 omnia
473 1943 542 2004 mibi
564 1943 693 2022 reveles,
719 1944 865 2006 revela.“=
896 1943 947 2005 nit
969 1944 1056 2006 mibi:

347 2041 446 2112 da’dv
468 2042 628 2127 ἐνδέχεται
659 2065 711 2111 σοι
740 2042 899 2110 ἅποκαλυ.
927 2045 1186 2129 ²,quodcumque
1220 2052 1385 2132 oportuerit
1422 2051 1474 2114 tibi

347 2150 489 2238 φθῆναι,
513 2142 838 2239 ἀποκαλυφθήσεται,
925 2152 1065 2232 revelari,
1088 2153 1279 2232 revelabitur,

347 2256 459 2323 lantum
484 2264 514 2319 ut
537 2277 591 2320 cor
613 2266 694 2322 tuum
717 2258 794 2339 apud
816 2257 974 2320 Dominum
997 2258 1051 2336 sit,
1085 2264 1115 2319 et
1138 2275 1176 2319 ne
1202 2255 1337 2334 dubiteS,
1371 2258 1473 2337 quod-

346 2381 476 2444 namque
500 2363 641 2425 videris.“
681 2362 867 2445 Interrogavi
892 2363 987 2424 illam:
1013 2380 1125 2441 „quare
1146 2362 1235 2423 turris
1253 2360 1406 2424 aedificata
1427 2369 1473 2425 est

341 2482 443 2553 super
465 2478 568 2548 aquas,
594 2467 756 2530 domina?“
796 2467 976 2549 Respondit:
1002 2468 1155 2547 ,dixeram
1172 2466 1223 2529 tibi
1240 2475 1269 2529 et
1284 2467 1376 2549 prius,
1399 2486 1474 2529 ver-

340 2581 447 2639 sutum
471 2579 502 2635 te
526 2590 613 2651 esse,
645 2573 723 2634 ciroa
753 2571 915 2635 structuras
947 2572 1105 2655 diligenter
1135 2571 1331 2653 inquirentem
1340 2590 1349 2647 ;
1384 2571 1475 2652 igitur
1591 2569 1594 2579 '

332 2678 487 2745 invenies
511 2679 674 2741 veritatem.
720 2678 819 2751 Quare
843 2696 918 2760 ergo
942 2695 1034 2758 snper
1056 2694 1148 2757 aquas
1177 2676 1348 2739 aedificatur
1374 2677 1473 2755 turris,

329 2783 432 2874 nudi:
469 2785 607 2864 quoniam
637 2783 695 2844 vita
724 2789 822 2845 vestra
853 2800 907 2863 per
935 2801 1039 2863 aquam
1062 2780 1143 2844 salva
1167 2780 1242 2843 iacta
1266 2788 1329 2860 est,
1362 2787 1393 2842 et
1414 2779 1473 2842 fiet.

329 2884 481 2953 {tundata
513 2895 559 2950 est
589 2887 666 2950 enirn
697 2884 820 2950 ³verbo
852 2887 1063 2969 omnipotentis
1093 2893 1123 2950 et
1148 2885 1305 2950 honorifici
1327 2885 1472 2965 nominis3

329 2995 520 3061 continetur
543 3000 640 3055 autem
664 2994 701 3055 ab
728 2993 867 3055 invisibili
889 2994 998 3055 virtute
1021 2991 1106 3054 Dei.“

419 3097 490 3158 -1v..
525 3096 723 3178 Respondens
746 3096 881 3160 dicoei:
917 3098 1094 3180 ,magnifiee
1123 3097 1231 3160 habent
1262 3113 1297 3158 se
1326 3112 1377 3158 res
1407 3095 1472 3156 bae.

329 3203 384 3269 llli
411 3209 511 3264 autern
529 3203 660 3284 juvenes
684 3222 750 3282 sex,
773 3205 821 3284 qui
846 3202 1011 3281 aedificant,
1036 3203 1187 3284 quisunt,
1212 3199 1378 3262 domina‘?“v
1418 3198 1473 3277 ,Hi

329 3313 415 3374 sunt
439 3308 539 3389 angeli
562 3307 636 3386 Dei,
661 3309 710 3388 qui
733 3309 828 3389 primo
853 3308 1003 3370 constituti
1026 3313 1111 3385 sunt,
1135 3306 1242 3387 quibus
1266 3303 1385 3378 tradidit
1406 3303 1473 3365 Do·
1532 3297 1534 3301 ⁴

329 3415 445 3492 ruimus
468 3413 637 3475 universam
661 3419 825 3474 creaturam
847 3429 940 3492 suam,
964 3410 1108 3490 struendi,
1132 3409 1307 3472 aedificandi
1325 3415 1355 3470 et
1374 3408 1474 3470 domi-

329 3517 437 3585 nandi
461 3523 616 3580 creaturae
640 3517 725 3579 illius.
765 3514 846 3578 ⁴Per
868 3517 924 3580 bos
949 3519 1026 3579 enirn
1051 3504 1302 3580 consummabitur
1324 3520 1473 3576 structura

329 3621 467 3691 turris.“
508 3621 644 3701 „Caeteri
666 3629 774 3701 autem,
798 3622 848 3702 qui
871 3620 1028 3704 adportant
1047 3622 1171 3704 lapides,
1195 3621 1245 3702 qui
1261 3618 1376 3682 sumr‘
1418 3616 1473 3696 ,Et

376 3848 410 3916 1)
430 3845 450 3897 l.
464 3850 645 3911 avebcmena,
665 3849 788 3918 cupidus.
815 3846 896 3899 Editi:
925 3845 974 3899 nra
998 3847 1078 3901 verba
1101 3851 1211 3915 fandata
1229 3853 1269 3900 eat
1288 3851 1337 3895 etc.
1366 3841 1396 3891 ud
1416 3847 1471 3891 tur-

330 3941 525 4006 importunus.
554 3936 637 3984 Oxon.
924 3937 970 3986 rim
988 3922 1109 3986 referant.

377 4022 413 4086 2)
434 4018 506 4070 lluno
537 4017 620 4069 locum
656 4019 742 4072 laudat
776 4025 896 4077 Glemona
959 4022 987 4088 d)
1007 4021 1046 4072 nb
1065 4019 1172 4087 angelis,
1192 4013 1367 4085 quibuslleus
1386 4025 1471 4071 auram

334 4111 418 4166 Alex.
439 4105 529 4156 Strom.
549 4104 579 4170 ll,
601 4105 622 4156 l.
642 4123 666 4172 p.
685 4107 745 4158 430.
924 4108 1074 4175 populorum
1087 4106 1181 4169 tribuit,
1196 4102 1303 4154 ecclesia
1315 4099 1470 4165 aedificatur,

376 4195 409 4259 3)
430 4191 471 4244 So.
490 4195 707 4259 vitaaeatrapor
723 4196 896 4263 baptismata,-
923 4194 1016 4262 quippe
1047 4196 1089 4263 qui
1118 4191 1225 4262 populos
1252 4203 1311 4241 suos
1338 4189 1368 4241 ad
1395 4186 1471 4240 fidem

335 4299 429 4358 quae,
453 4297 533 4349 poam
555 4283 593 4333 ito
616 4283 653 4334 ait
675 4283 787 4347 fandata
805 4284 895 4350 cisque
923 4281 1057 4334 adducant.

335 4372 529 4433 contineatur,
554 4370 612 4423 idco
636 4369 709 4422 torri
725 4377 766 4423 eat
783 4369 893 4424 similia.
