3659 5209
235 557 239 610 t
281 551 325 611 dt)
344 549 566 621 DIOGNETUM]
717 548 974 604 radisbonam
1277 551 1409 607 LXXXVI!

235 740 237 769 ;
281 709 416 795 mann1)
441 712 479 774 de
502 712 557 775 bac
578 731 613 775 re
636 712 861 796 disputaverunt
869 730 878 786 3
903 711 933 772 bi
956 710 1063 774 Justini
1086 731 1206 775 causam
1228 721 1354 796 agentes
1379 719 1409 777 et

235 848 238 893 t
283 819 409 881 aliorum
421 818 607 900 objectiones
620 819 838 900 impugnantes,
848 817 889 879 illi
901 816 1056 898 epislolam
1067 815 1184 879 Justino
1196 817 1408 899 abjudicantes.

372 922 596 1004 Inscriptionem
626 923 704 985 illam
734 923 764 984 in
788 921 905 984 duobus
928 920 1081 984 codicibus
1112 927 1277 1002 repertam,
1309 924 1409 1005 magni

286 1028 425 1091 fecerunt
455 1020 523 1092 Otto
554 1026 705 1111 (Epistola
736 1027 772 1091 ad
797 1027 936 1110 Diognet.
966 1025 1034 1088 edit.
1058 1025 1092 1088 ll.
1122 1045 1150 1108 p.
1179 1022 1238 1109 11)
1270 1033 1301 1088 et
1321 1026 1408 1090 11011-

235 1146 239 1208 ι
287 1131 412 1195 mannus
441 1130 477 1216 (l.
502 1152 527 1195 c.
559 1153 587 1214 p.
610 1133 668 1216 2);
702 1152 792 1215 quum
824 1149 897 1195 vero
931 1136 1058 1211 uterque
1093 1131 1191 1193 codex
1218 1131 1410 1210 posterioris

286 1237 403 1299 demum
427 1246 508 1301 esset
531 1240 635 1301 aetatis
658 1247 689 1301 et
712 1238 804 1300 ceteri
827 1237 949 1300 codices
971 1235 1027 1297 bac
1047 1235 1241 1316 inscriptione
1263 1241 1411 1314 carerent,

284 1359 346 1404 non
384 1343 506 1405 multum
545 1343 686 1425 ponderis
723 1342 763 1405 illi
804 1341 972 1405 testimonio
1018 1347 1146 1402 externo
1192 1337 1411 1402 attribuendum

281 1452 430 1528 putamus.
474 1447 579 1510 Falsae
603 1447 680 1508 enim
704 1445 913 1525 inscriptiones
941 1462 1089 1527 persaepe
1119 1443 1207 1507 nobis
1237 1449 1410 1523 occurrunt,

283 1569 311 1612 e.
342 1569 372 1633 g.
405 1551 591 1614 arabicorum
622 1568 768 1613 canonum
800 1549 918 1613 concilii
947 1549 1069 1613 Nicaeni
1087 1545 1128 1633 ²).
1181 1548 1316 1628 Deinde,
1352 1565 1411 1629 quo

282 1656 382 1717 minus
414 1654 531 1718 Justino
562 1654 637 1717 hanc
669 1655 823 1736 epistolam
856 1654 1035 1733 tribuamus,
1069 1653 1099 1716 id
1129 1654 1270 1737 imprimis
1304 1654 1411 1730 obstat,

285 1758 388 1839 „quod
413 1759 488 1822 haec
511 1760 637 1840 epistola
661 1761 808 1823 sermonis
840 1759 940 1821 indole
970 1759 1046 1822 baud
1073 1778 1177 1840 parurn
1195 1754 1351 1840 'discrepat
1373 1757 1410 1820 ab

282 1865 321 1927 iis
344 1864 438 1944 libris,
462 1884 538 1946 quos
560 1864 669 1928 Justini
693 1883 762 1928 esse
786 1871 872 1927 extra
895 1864 1130 1926 controversiam
1152 1864 1280 1944 positum
1308 1859 1411 1946 este).

283 1968 359 2042 Quis
383 1976 429 2031 est
452 1970 538 2048 enim,
562 1989 651 2050 quem
674 1969 777 2052 fugiat,
801 1968 965 2047 simplicem
984 1975 1014 2029 et
1030 1969 1216 2049 perspicuam
1235 1969 1323 2052 hujus
1342 1969 1411 2049 epi-

280 2074 381 2137 stolae
412 2073 589 2151 dictionem,
622 2072 790 2153 expeditam
813 2070 899 2134 simul
931 2075 960 2131 et
981 2071 1126 2152 integram
1149 2073 1307 2149 verborum
1332 2091 1411 2135 con-

261 2157 500 2252 structionem,
530 2195 566 2238 ac
596 2176 780 2259 singulorum
804 2176 1022 2238 enuntiatorum
1052 2177 1269 2239 connexionem
1291 2178 1411 2241 multum

282 2278 413 2343 differre
443 2287 501 2343 tum
530 2299 547 2342 a
575 2282 735 2344 verborum
766 2299 837 2360 usu,
871 2299 959 2361 quem
991 2280 1021 2341 in
1048 2279 1158 2342 Justini
1187 2282 1303 2362 scriptis
1335 2299 1413 2343 con-

281 2385 446 2466 spicimus,
478 2372 703 2464 artificiosiorc,
734 2391 794 2448 tom
823 2387 858 2448 ab
888 2386 981 2466 ipsius
1012 2385 1125 2447 inculto
1150 2384 1266 2446 dicendi
1288 2403 1413 2468 genere,

282 2509 355 2554 cum
391 2498 420 2553 et
452 2491 591 2573 impedita
627 2492 821 2572 intricataque
860 2498 968 2575 ulatm¹
987 2491 1147 2553 verborum
1181 2489 1413 2578 constructione,

282 2595 445 2678 phrasibus
482 2597 587 2660 mediis
624 2596 704 2660 baud
740 2614 809 2659 raro
844 2596 964 2659 nimium
998 2601 1139 2677 quantum
1175 2595 1347 2673 cumulatis,
1385 2598 1415 2656 et

284 2700 439 2782 prioribus
469 2701 654 2784 singulorum
684 2703 903 2765 enuntiatorum
932 2701 1034 2763 uerbis
1065 2701 1278 2781 consequentia
1303 2697 1414 2761 addere

284 2821 381 2883 saepe
404 2803 597 2889 negligant).
641 2806 724 2879 Quae
755 2807 873 2889 quidem
904 2807 1053 2870 sermonis
1086 2806 1285 2889 discrepantia
1314 2823 1415 2886 neque

324 2992 352 3057 1)
361 2980 840 3064 Hoffmann(Gymnasial-Obcrlebrer
900 2996 930 3064 4)
954 2993 983 3048 V.
1007 2995 1038 3047 lt.
1065 2997 1187 3050 Semtecb
1215 2994 1248 3045 de
1278 2993 1325 3045 bac
1354 2990 1413 3058 styli

283 3081 312 3131 in
325 3078 417 3132 Neisse
433 3082 459 3132 in
472 3081 616 3150 Schlesien)
636 3082 716 3147 ,iiber
728 3081 840 3134 Justinus
867 3082 1037 3149 discrepantia
1056 3083 1091 3133 ita
1104 3081 1205 3134 disserit
1224 3080 1253 3146 (l.
1264 3097 1286 3133 c.
1298 3097 1323 3148 p.
1335 3080 1413 3145 177)=

284 3167 333 3218 des
347 3158 482 3233 Martyrers
495 3167 567 3219 Brief
583 3184 614 3219 an
628 3162 751 3238 Diognet“
773 3169 838 3220 1851
867 3154 949 3234 ,siau
967 3169 1024 3220 dass
1037 3170 1079 3220 dio
1092 3169 1237 3220 schreibart
1249 3167 1351 3220 Justin'a
1364 3167 1414 3220 den

284 3256 314 3305 in
336 3251 543 3325 „labresbericht
565 3255 611 3306 das
629 3250 724 3324 libnigl.
742 3255 838 3308 kathol.
866 3254 1081 3308 bliscbcharalrter
1110 3261 1191 3326 trdgt,
1221 3256 1340 3310 walchen
1371 3255 1413 3307 die

285 3339 407 3407 Gymnas.
426 3358 458 3392 zu
473 3341 590 3394 Neisse.“
865 3342 1025 3411 griechiscbe
1044 3342 1155 3411 Sprache
1176 3345 1226 3396 seit
1244 3345 1291 3396 der
1309 3342 1414 3412 Epoche

271 3488 274 3492 ¹
322 3428 353 3495 2)
373 3425 424 3478 Cir.
451 3420 647 3481 librum'meum
673 3427 837 3495 ,Concilien-
865 3428 1022 3490 Alexanders
1034 3429 1059 3481 d.
1071 3429 1099 3481 G.
1114 3431 1139 3482 in
1157 3431 1246 3482 immor
1264 3429 1414 3483 fortscbrei·

284 3513 462 3584 geschichte“,
482 3513 559 3568 1855.
579 3514 605 3567 T.
624 3515 643 3567 l.
664 3533 688 3584 p.
708 3517 768 3569 351.
865 3518 956 3568 tendor
991 3517 1189 3586 llllgemeinheit
1229 3532 1414 3586 angenommen

322 3601 352 3668 3)
371 3600 456 3668 Stylus
474 3601 599 3668 epistolae
618 3608 734 3671 nostrae,
753 3603 839 3670 judice
865 3605 946 3669 hatte,
965 3604 1055 3657 altbert
1072 3604 1126 3656 sich
1142 3604 1188 3656 der
1198 3605 1243 3657 Stil
1256 3605 1302 3657 das
1315 3602 1415 3656 Brieles

285 3687 380 3741 Grabio
401 3687 495 3756 [Spicrl.
515 3688 540 3740 T.
555 3688 585 3741 ll.
604 3707 629 3758 p.
645 3692 717 3756 165),
736 3692 838 3743 nimium
866 3692 912 3744 der
924 3690 1043 3743 Reinheit
1062 3691 1109 3743 der
1126 3691 1285 3743 klussisoben
1300 3691 1413 3756 Diclion3

284 3783 409 3845 quantum
437 3792 451 3826 a
478 3776 583 3844 reliquis
607 3776 695 3830 Justini
720 3778 838 3846 operibus
865 3787 926 3830 stult
944 3780 1003 3830 dass
1019 3777 1102 3830 Justin
1125 3779 1150 3829 in
1169 3779 1215 3830 der
1233 3779 1315 3847 Regel
1334 3778 1414 3830 nach-

285 3871 327 3915 est·
341 3862 467 3928 diuersus,
484 3870 511 3914 et
523 3864 625 3931 argutiis
639 3864 760 3931 abundat,
773 3883 838 3936 quae
865 3866 945 3934 lllssig
968 3865 1026 3918 und¹
1039 3867 1167 3918 incorrect
1183 3866 1310 3930 schreibt,
1338 3867 1371 3918 ist
1388 3866 1414 3915 in

284 3965 350 4002 raro.
365 3947 433 4017 apud
452 3947 576 4001 tustinum
595 3948 768 4018 reperiuntur3
791 3952 838 4018 ju·
866 3954 925 4014 dem
945 3952 1030 4004 Briefe
1049 3953 1095 4004 auf
1110 3953 1160 4005 den
1174 3952 1308 4005 Ausdruck
1325 3938 1415 4019 grosso

284 4036 347 4089 dica
364 4034 496 4087 Gallandio
515 4035 542 4100 (l.
562 4053 584 4088 c.
603 4054 627 4103 p,
645 4037 732 4102 lxix)
752 4038 839 4105 ‚stylus
866 4038 977 4106 Sorglalt
1001 4039 1168 4103 verwendet3
1194 4048 1255 4092 statt
1279 4039 1337 4089 dass
1359 4033 1415 4087 sich

282 4122 367 4176 multo
395 4130 434 4173 est
459 4121 573 4174 floridior
592 4139 623 4176 eo
643 4133 669 4176 et
687 4124 838 4192 elegantior,
856 4124 949 4180 ..lustin
967 4126 1007 4177 fiir
1025 4125 1188 4194 gewbbnlicb
1210 4128 1234 4177 in
1254 4125 1301 4175 der
1318 4121 1415 4188 spiare

283 4226 339 4280 quo
356 4209 384 4262 S.
399 4208 495 4275 narryr
512 4210 537 4261 in
555 4213 623 4276 suis,
643 4219 768 4280 quotquot
785 4213 839 4262 cir·
866 4213 912 4264 der
930 4213 1066 4280 gemeinen
1085 4212 1231 4280 Umgangs-
1249 4208 1299 4260 und
1319 4205 1415 4256 Vollrs·

284 4297 477 4363 cumleruntur,
504 4298 609 4352 sinceris
634 4296 756 4366 operibus
780 4314 839 4353 usus
866 4297 974 4367 spracbe
993 4299 1061 4365 btilt,
1086 4299 1191 4365 bewcgt
1208 4294 1262 4348 sich
1281 4294 1327 4344 der
1348 4290 1416 4344 Ver·
1492 4344 1506 4354 ,

285 4384 451 4453 comperitur.
866 4385 948 4443 fassus
957 4385 1003 4439 des
1011 4384 1110 4438 Briefes
1123 4386 1148 4434 in
1158 4381 1250 4434 behem
1260 4378 1416 4450 Sebatum,

341 4488 408 4530 Panos
422 4493 485 4540 opust.
501 4487 539 4530 Ed.
554 4488 589 4529 tv.
1185 4470 1207 4532 F
1328 4499 1331 4504 ·
1430 4488 1526 4660 ί
