3659 5209
539 509 677 565 baanna
695 510 829 563 PASTOR.
866 510 961 564 LIBER
980 510 1020 565 lll.
1057 511 1180 569 SlbllLlT.
1200 513 1291 576 luv.
1414 520 1474 584 381
1577 561 1582 568 .

347 670 533 737 arbores?-“
578 671 748 756 Respondi:
781 671 911 760 „video‚
945 671 1079 753 domine,
1111 674 1182 738 alias
1212 674 1323 754 aridae,
1354 683 1383 740 et
1406 677 1477 741 alias

319 839 320 842 ,
347 779 559 843 frondentes.“
608 780 875 860 „Hae-arbores‚“
907 780 1016 859 inquit,
1041 797 1137 859 „quae
1161 778 1271 842 virides
1294 787 1378 859 sunt,
1405 782 1478 863 justi

348 890 437 962 sunt,
468 886 518 964 qui
541 884 698 947 habitaturi
722 886 845 948 suntin
869 883 968 947 futuro
992 885 1104 946 seculo.
1149 884 1221 947 lllud
1246 885 1325 946 enim
1349 884 1483 949 futurum

348 989 486 1052 seculum
516 994 613 1051 aestas
642 997 690 1065 est
717 991 822 1072 justis3
854 989 1062 1070 peccatoribus
1093 997 1190 1064 autem
1224 990 1337 1072 hyems.
1383 991 1478 1063 Quum

349 1101 429 1174 ergo
445 1150 449 1155 .
467 1091 597 1155 illuxerit
631 1079 835 1157 misericordia
870 1093 1004 1173 Domini,
1043 1101 1111 1157 lunc
1146 1094 1390 1173 declarabuntur,
1428 1098 1478 1176 qui

348 1197 488 1277 serviunt
504 1195 580 1277 Deo,
604 1205 634 1261 et
657 1198 793 1261 omnibus
816 1198 967 1279 perspicui
990 1204 1084 1261 eruut.
1128 1198 1209 1263 Sicut
1225 1201 1302 1263 enim
1318 1201 1346 1261 in
1364 1206 1477 1265 aestate

349 1301 472 1385 fructus,
491 1303 607 1365 arboris
629 1303 841 1385 cujuscumque
866 1303 1031 1367 declaratur
1055 1311 1085 1368 et
1104 1311 1200 1386 patet3
1223 1306 1266 1368 sic
1287 1313 1318 1367 et
1328 1307 1477 1387 justorum

348 1407 462 1472 factum
485 1408 684 1472 declarabitur
707 1416 736 1472 et
758 1410 868 1491 patebit
875 1431 885 1486 ;
918 1417 949 1472 et
979 1426 1083 1472 omncs
1113 1409 1223 1478 hilares
1256 1417 1286 1472 et
1313 1409 1477 1493 gaudentes

348 1514 382 1574 in
413 1513 471 1577 illo·
492 1514 596 1577 seculo
625 1496 825 1578 restituentur.
871 1515 945 1577 Nam
976 1520 1113 1578 caeterae
1147 1520 1270 1596 gentes,
1301 1522 1477 1595 peccatores

349 1616 476 1696 scilicet,
500 1619 575 1685 sicul
598 1620 736 1696 arbores
756 1635 829 1699 quas
846 1618 945 1683 vidisti
962 1619 1070 1698 aridas,
1095 1619 1169 1681 tales
1186 1619 1377 1689 inveniuntur
1392 1619 1476 1698 aridi,

350 1729 382 1784 et
406 1723 471 1784 sine
494 1721 589 1785 ltuctu
613 1725 644 1786 in
667 1723 718 1795 illo
741 1723 855 1802 seculo,
879 1730 908 1786 et
929 1725 1004 1786 sicut
1025 1725 1107 1787 arida
1128 1726 1208 1808 ligna
1227 1723 1477 1800 comburentur-,¹3

351 1834 387 1893 et
413 1828 507 1908 palam
533 1816 603 1909 liet,
634 1831 773 1910 quoniam
804 1831 880 1895 male
909 1829 1046 1893 lecerunt
1075 1830 1104 1890 in
1137 1830 1215 1891 omui
1239 1837 1375 1910 tempore
1398 1829 1476 1892 vitae
1553 1889 1561 1905 χ

350 1951 426 1997 suae
434 1953 444 2010 ;
474 1931 532 1996 ²et
554 1935 764 1997 comburentur
787 1935 872 2013 ideo,
896 1935 964 2014 quia
987 1938 1205 2013 peccaverunt,
1233 1939 1263 1994 et
1285 1939 1477 2016 peccatorum

352 2055 474 2100 suorum
497 2057 558 2102 non
580 2046 709 2122 egerunt
731 2039 951 2121 poenitentiam.
992 2037 1051 2102 Sed
1068 2042 1096 2097 cl
1113 2041 1251 2098 caeterae
1266 2045 1373 2118 gentes
1390 2057 1477 2101 com-

350 2143 520 2222 burentur„
547 2145 628 2227 quia,
646 2141 735 2206 ³non
766 2150 956 2227 agnoverunt
978 2144 1072 2205 Deum
1102 2149 1269 2204 creatorem
1291 2134 1387 2206 suumss
1430 2143 1477 2206 d'u
1528 2206 1530 2210 .

352 2264 430 2330 ergo
454 2248 500 2311 lac
523 2248 648 2315 lructum
670 2251 790 2329 bonum,
816 2255 845 2311 ut
868 2248 897 2311 in
922 2254 1033 2312 aestate
1049 2252 1251 2329 cognoscatur
1267 2245 1381 2308 fructus
1397 2252 1476 2329 tous,

353 2360 384 2416 et
407 2353 522 2416 abstine
545 2359 575 2417 te
599 2340 734 2416 annulus
758 2353 904 2436 negotiis,
935 2358 966 2415 ct
986 2352 1057 2417 nibil
1084 2350 1246 2431 delinques,
1292 2344 1477 2428 Quicumque

354 2459 437 2521 enirn
464 2459 552 2521 mulla
584 2460 705 2541 negotia
736 2465 844 2547 agunt,
878 2459 968 2521 multa
1001 2456 1192 2533 delinquunt3
1224 2455 1292 2536 quia
1325 2452 1477 2520 constricti

353 2570 423 2628 sunt
446 2566 524 2628 circa
547 2564 668 2648 negotia
692 2581 762 2642 sua,
793 2571 824 2626 et
846 2582 907 2626 nou
931 2563 1066 2627 serviunt
1089 2562 1162 2623 Deo.
1209 2558 1281 2623 Nam
1304 2578 1363 2640 quo
1386 2558 1476 2622 modo

353 2675 454 2752 potest
477 2669 582 2748 borno,
613 2669 746 2749 quinon
771 2669 864 2731 servit
886 2668 969 2746 Deo,
1001 2665 1110 2747 aliquid
1141 2672 1246 2748 petere
1281 2673 1310 2728 ct
1339 2667 1476 2746 accipere

353 2794 370 2837 a
395 2775 486 2854 Deo?
531 2775 588 2850 Qui
611 2774 689 2847 enim
712 2761 847 2836 serviunt
869 2773 945 2851 Deo,
967 2777 1072 2853 petunt
1095 2779 1124 2833 et
1147 2772 1294 2851 accipiunt
1315 2790 1368 2834 sua
1392 2769 1476 2831 desi-

353 2879 445 2948 deria.
476 2879 605 2952 ,Quodsi
636 2898 726 2945 unum
756 2878 908 2961 negotium
941 2883 1058 2939 tractat·
1076 2876 1198 2957 aliquis,
1228 2876 1338 2959 poterit
1359 2875 1476 2952 servire

352 2984 419 3046 Deo
427 3005 437 3060 ;
470 2985 607 3064 quoniam
631 2990 691 3047 non
711 2983 861 3069 <alienatur
883 2982 997 3053 animus
1020 2983 1086 3065 ejus
1113 3000 1129 3043 a
1150 2981 1294 3059 Domino,
1324 2979 1378 3042 sed
1401 2992 1476 3060 pura

351 3097 453 3174 mente
469 3091 563 3152 servit
577 3090 653 3154 Deo:
696 3089 760 3151 lloc
776 3084 850 3170 ergo
866 3090 893 3152 si
910 3087 1028 3165 seceris,
1051 3087 1164 3166 poteris
1181 3086 1209 3147 in
1226 3090 1352 3146 venturo
1373 3083 1475 3146 seculo

350 3195 466 3259 babere
482 3193 607 3259 lructum
616 3214 625 3271 3
649 3193 703 3257 sed
720 3199 749 3256 el
764 3196 878 3272 omnes,
895 3193 945 3273 qui
962 3192 1087 3254 iecerint
1099 3191 1186 3270 baec,
1204 3188 1330 3252 fructum
1347 3185 1473 3255 ferent.“

797 3342 1035 3483 smrrruuu.
1140 3450 1143 3456 ·
1222 3350 1259 3473 ’ζ
1296 3344 1330 3461 ᾗ

348 3583 399 3660 De
420 3600 496 3643 cero
512 3579 639 3660 jejunio
660 3587 690 3639 ot
709 3579 777 3656 ejus
792 3576 951 3649 mercede}
975 3576 1133 3638 tumaide
1150 3557 1474 3656 corporiamunditiu.

417 3760 421 3767 .
438 3720 459 3782 l.
493 3721 588 3794 Quum
601 3718 769 3799 jejunarem
783 3721 815 3776 et
830 3714 970 3777 sederem
980 3715 1014 3778 in
1032 3722 1133 3797 monte
1156 3714 1293 3794 quodam,
1317 3720 1347 3774 ct
1362 3711 1474 3799 gratias

350 3844 474 3908 agerem
493 3825 557 3886 Deo
581 3839 637 3903 pro
661 3808 807 3898 omnibus,
830 3838 907 3899 quae
931 3818 1043 3880 iecerat
1062 3837 1188 3898 mecum,
1211 3817 1300 3880 video
1323 3823 1475 3898 pastorem

349 3932 433 3994 illum
455 3927 609 3991 sedentem
628 3927 714 4008 Juxta
734 3941 784 3985 me
815 3941 849 3984 ac
880 3923 1027 3985 dicentem
1056 3922 1143 3984 mibi:
1173 3922 1270 4002 „quid
1301 3926 1359 3987 tani
1388 3933 1474 3979 mane

349 4037 410 4099 lruc
424 4032 576 4096 venisti‘l“
616 4027 784 4111 Respondi:
812 4028 979 4109 „quoniam
999 4026 1127 4107 domine,
1148 4023 1328 4095 ⁴station'em
1345 4021 1472 4084 habeo.“

388 4191 415 4254 1)
442 4186 500 4241 Scil.
528 4190 552 4240 in
581 4188 690 4239 interno.
707 4220 710 4225 ,
728 4148 919 4248 decumanus
960 4185 989 4251 3)
1008 4181 1148 4235 Cinllom.
1168 4177 1244 4245 1-,20
1263 4179 1474 4258 ethelendam,

348 4267 518 4344 Lonffl.
622 4302 624 4307 ·
798 4291 801 4295 ·
872 4257 1163 4337 “leuw.'
1215 4301 1277 4307 ..

385 4365 414 4430 2)
434 4362 564 4429 battus,
586 4362 625 4415 10.
650 4361 737 4428 7,19.
862 4404 865 4409 .
922 4378 930 4390 ·
961 4356 993 4422 4).
1008 4355 1076 4408 later
1111 4351 1214 4409 tamor
1251 4348 1341 4405 viram
1370 4343 1474 4404 lberam
