3659 5209
677 872 1150 999 non'ncnasros.¹

438 1046 581 1128 ignatius,
602 1043 679 1127 iqui
695 1053 725 1110 et
738 1037 948 1130 Theophorus,
964 1048 1140 1112 benedictae
1156 1051 1251 1131 gratia
1267 1051 1323 1114 Dei
1338 1057 1429 1134 patris
1444 1057 1473 1120 in

483 1150 706 1239 tesnctristo
721 1154 871 1217 salvatore
893 1161 1014 1234 nostro,
1046 1155 1076 1216 in
1105 1173 1165 1235 quo
1188 1156 1284 1220 saluto
1308 1159 1474 1243 ecclesiam,

484 1274 562 1338 quae
576 1256 749 1338 Magnesiae
773 1265 819 1322 est
839 1259 876 1335 ad
891 1257 1095 1340 Maeandrum,
1118 1265 1250 1341 optoque
1265 1262 1296 1326 in
1309 1263 1374 1328 Deo
1390 1271 1475 1346 patre

485 1361 566 1424 etin
588 1361 662 1425 Jesu
686 1361 802 1427 Christo
824 1364 978 1446 plurimam
1000 1364 1138 1435 salutem.v

621 1660 642 1721 l.
689 1658 796 1723 Caeso
818 1658 971 1740 epistolae
993 1668 1023 1722 et
1043 1663 1101 1740 pia
1123 1671 1207 1726 eota.

441 1779 537 1854 Quum
572 1780 743 1845 charitatem
778 1787 905 1845 vestram
937 1784 1109 1866 religiosam
1142 1787 1276 1865 perbene
1311 1787 1474 1852 ordinatam

345 1882 574 1968 cognovissem,
598 1887 749 1949 exsultans
771 1905 827 1949 vos
849 1889 879 1950 in
903 1884 987 1950 ³lide
1003 1887 1076 1950 Jesu
1092 1887 1199 1953 Christi
1216 1891 1326 1973 alloqui
1342 1892 1473 1956 decrevi.

347 1988 484 2052 Ornatus
507 1990 585 2053 enirn
609 1988 934 2054 ⁴honorificentissimo
957 1993 1076 2053 nomine
1096 1991 1161 2071 Dei,
1184 1995 1214 2056 in
1238 1997 1374 2075 vinculis,
1397 2017 1475 2079 quae

347 2093 543 2175 circumfero,
566 2095 655 2158 leudo
679 2096 834 2175 ecclesias,
858 2096 964 2176 quibus
986 2096 1127 2158 unionem
1152 2103 1222 2178 opto
1243 2118 1309 2162 curn
1331 2120 1421 2163 carne
1445 2108 1474 2164 et

327 2198 553 2282 spiritatem
577 2198 694 2279 Christi,
717 2200 767 2280 qui
789 2203 968 2283 sempiterna
992 2208 1037 2263 est
1060 2203 1119 2264 vita
1142 2208 1254 2281 nostra,
1277 2211 1307 2267 et
1334 2207 1473 2268 unionem

348 2305 381 2367 in
398 2303 459 2366 lide
475 2311 504 2366 et
519 2304 671 2384 charitate,
687 2305 734 2367 cui
750 2306 821 2368 nihil
836 2306 1064 2388 praeferendum
1073 2327 1083 2382 ;
1101 2307 1227 2369 maxime
1243 2326 1317 2370 vero
1332 2308 1473 2370 unionem

349 2422 421 2472 curn
442 2407 516 2471 Jesu
539 2415 570 2471 et
591 2414 691 2491 patre,
723 2411 851 2491 inquo,
883 2430 1000 2475 omnem
1024 2411 1165 2494 principis
1187 2410 1276 2494 hujus
1299 2412 1393 2475 seculi
1415 2413 1474 2475 vim

349 2514 535 2578 sustinentes
558 2518 587 2575 et
610 2514 783 2595 evadentes,
806 2516 873 2580 Deo
900 2517 1056 2598 potiemur.

667 2705 700 2768 ll.
746 2678 877 2779 Gaudeo
902 2708 1012 2787 legatis
1035 2707 1159 2770 nestris.

441 2827 566 2903 5Οιιιιιῐι
588 2829 687 2909 itaque
712 2828 819 2910 dignus
841 2829 1046 2908 simhabitus,
1069 2829 1173 2892 videre
1195 2845 1251 2892 vos
1274 2846 1330 2911 per
1352 2827 1473 2891 Damam

350 2934 525 3016 episcopum
555 2940 687 2997 vestrum
717 2933 781 2996 Deo
814 2912 953 3015 dignum,
984 2941 1018 2997 et
1050 2952 1106 3016 per
1139 2935 1249 3023 dignos
1279 2934 1474 3019 presbyteros

349 3039 474 3102 Bassum
510 3044 539 3101 et
571 3037 780 3120 Apollonium,
818 3044 847 3100 et
880 3057 935 3119 per
972 3056 1151 3101 conservum
1188 3042 1285 3100 meum
1320 3039 1473 3103 Sotionem

350 3142 527 3221 diaconum,
559 3161 619 3224 quo
643 3137 780 3207 6,utinam
803 3142 901 3221 lruar,
933 3143 1000 3224 quia
1031 3143 1165 3205 subditus
1196 3149 1241 3204 est
1265 3143 1408 3225 episcopo
1442 3150 1474 3206 ut

350 3238 554 3331 'benignitati
575 3247 641 3328 Dei,
665 3256 696 3312 et
716 3248 903 3332 presbyterio
927 3255 958 3311 ut
980 3242 1070 3331 ⁸legi
1092 3245 1166 3311 Jesu
1189 3242 1336 3310 Christi⁹

384 3436 414 3502 6)
442 3434 494 3489 cn.
513 3440 605 3509 ,ignat
635 3437 667 3490 nd
692 3437 788 3506 Ephes.
821 3453 843 3489 c.
872 3436 898 3488 2.
926 3439 999 3506 tpter
1023 3437 1165 3489 communia
1191 3444 1262 3500 erant
1277 3437 1366 3504 primo
1384 3444 1410 3488 et
1428 3452 1474 3488 se-

348 3523 411 3576 Not.
431 3524 473 3577 12.
926 3524 1012 3575 cundo
1031 3523 1114 3574 ordini
1131 3524 1301 3588 sacerdotum,
1319 3524 1344 3574 in
1358 3522 1474 3591 epistolia

357 3634 360 3639 ·
384 3614 414 3678 7)
433 3609 586 3681 Benignitati
610 3629 656 3665 seu
681 3614 778 3682 gratiae
797 3613 899 3664 divinae
926 3618 1009 3662 autem
1045 3609 1179 3678 lgnatianis
1214 3625 1315 3677 semper
1343 3613 1475 3682 Epieeopv'

349 3699 558 3751 constitutionem
572 3700 748 3767 episcoporum
759 3698 898 3765 debemue3
926 3696 1095 3764 appellantur,
1105 3699 1147 3767 qui
1156 3695 1474 3766 suntsacerdotcesurnmi,

348 3803 415 3855 ergo
433 3788 477 3855 qui
496 3789 619 3854 episcopo
638 3785 776 3851 obediunt,
802 3788 898 3855 gratiae
926 3785 1079 3852 Presbyteri
1103 3799 1180 3850 vero,
1211 3786 1253 3853 qui
1281 3791 1339 3835 sunt
1362 3786 1474 3836 minoret

347 3873 453 3926 divinae
471 3889 500 3927 ae
518 3871 661 3938 subjiciunt.
926 3869 1090 3934 sacerdotes,
1123 3878 1299 3939 argumentum
1327 3870 1474 3938 palmarium

383 3960 413 4026 8)
431 3960 452 4015 1.
473 3977 495 4012 e.
514 3970 543 4015 ut
567 3962 610 4013 itta·
632 3969 768 4028 praecepto
788 3961 898 4025 Christi,
917 3965 1012 4008 'contra
1041 3973 1127 4008 earum
1155 3955 1317 4025 epistolarum
1340 3956 1474 4009 veritatem

346 4065 400 4119 quo
415 4043 565 4118 presbyteri
583 4047 613 4100 in
631 4049 746 4100 ecclesia
764 4049 900 4114 canetttati
927 4053 954 4095 et
984 4044 1157 4119 antiquitatem
1187 4042 1282 4094 ducere
1311 4057 1340 4094 ee
1369 4047 1471 4106 putent3

345 4142 421 4190 eunt·
926 4132 994 4200 quod
1018 4136 1102 4183 tamen
1120 4145 1154 4180 ne
1172 4136 1345 4197 argumentum
1363 4120 1473 4194 quidem,

382 4220 414 4290 9)
427 4217 473 4272 Ἐκ
496 4234 544 4284 eo,
569 4218 637 4289 quod
662 4218 749 4287 primis
767 4216 899 4271 Ecclesiae
926 4234 983 4270 meo
1002 4233 1063 4270 sane
1077 4216 1184 4282 jndicio,
1203 4215 1254 4266 diei
1265 4222 1386 4277 meretur,
1404 4212 1472 4264 adeo

345 4302 899 4377 temporibmnonriaaldptecopueetPree·
925 4305 1050 4379 infirmnm
1075 4312 1114 4358 eet
1137 4320 1168 4356 ae
1185 4301 1331 4355 invalidum.
1368 4300 1475 4353 comme·

1386 4476 1578 4610 fl
