3659 5209
420 546 469 600 *mr
864 541 1114 597 rnocuconnnn.
1354 541 1553 612 mauronte

425 704 482 770 λον
514 694 553 768 ud
583 698 720 790 κήρυγμα
750 699 813 764 τῶν
843 695 1063 780 Ἀποστόλων,
1100 697 1153 767 καὶ
1184 694 1239 788 τῆν
1270 698 1450 790 παράδοσιν
1485 698 1554 793 npd

409 806 609 897 ὀφθαλμῶν
630 800 710 888 ἔχων
732 829 758 869 κ.
782 805 857 870 ct.

516 915 586 978 Curn
604 915 729 977 Irenaeo
753 919 811 977 stat
826 913 982 992 Eusebius
1006 911 1060 996 (H.
1078 914 1111 978 E.
1127 913 1174 994 ut,
1198 911 1246 977 13.
1270 911 1316 979 15.
1334 911 1405 998 34.)
1429 915 1554 995 docens,

427 1020 539 1083 Linum
561 1021 597 1082 ab
621 1037 700 1082 anno
725 1015 768 1082 68
789 1037 885 1099 usque
909 1018 946 1081 ad
969 1038 994 1081 a.
1015 1016 1068 1097 80,
1091 1018 1293 1082 Anencletum
1314 1017 1453 1100 80-92,
1480 1021 1554 1084 Cle-

425 1130 554 1186 mentem
577 1118 727 1188 92-101
751 1144 780 1205 p.
804 1122 855 1183 Ch.
880 1141 907 1184 n.
933 1122 1035 1185 sedern
1058 1123 1218 1187 Romanam
1242 1124 1383 1187 tenuisse.

349 1211 357 1223 ⁵
496 1228 644 1313 -Eandem
667 1229 843 1292 sententiam
858 1227 1068 1310 Hieronymus
1091 1229 1120 1290 in
1145 1229 1221 1293 libro
1246 1230 1283 1292 de
1302 1230 1375 1292 viris
1391 1229 1554 1292 illustribus

419 1353 452 1410 c.
479 1330 517 1396 15
541 1335 688 1414 tuebatur,
711 1339 743 1396 ut
765 1351 854 1416 supra
877 1332 1003 1395 vidimus
1021 1331 1061 1416 ¹).
1184 1395 1186 1400 .
1214 1390 1217 1393 .

513 1434 542 1500 4.
588 1439 692 1513 Varias
725 1439 779 1501 has
810 1439 972 1501 sententias
1004 1439 1043 1501 ita
1074 1438 1293 1520 componebant
1324 1438 1379 1501 viri
1411 1437 1494 1502 docti
1527 1446 1556 1502 et

426 1542 593 1625 priscorum
616 1549 645 1604 et
668 1545 869 1606 recentiorum
892 1549 1076 1624 temporum,
1108 1550 1139 1606 ut
1163 1545 1363 1627 conjicerent,
1387 1534 1503 1604 Linum
1527 1551 1556 1606 et

430 1647 548 1710 Cletum
580 1649 747 1713 viventibus
777 1648 873 1712 adtruc
897 1649 1050 1730 Apostolis
1073 1648 1164 1712 Paulo
1194 1655 1222 1712 et
1245 1651 1330 1712 Petro
1353 1647 1555 1711 Romanorum

427 1751 556 1815 fidetium
590 1753 696 1816 fuisse.
714 1753 878 1832 antistites,
905 1754 1089 1817 Clementem
1112 1760 1227 1835 autem,
1261 1756 1315 1818 illis
1344 1754 1473 1818 sortasse
1498 1755 1555 1817 de-

428 1854 548 1936 functis,
564 1875 618 1921 seu
635 1859 690 1924 sub
705 1859 827 1923 Nerone
843 1862 985 1943 martyrio
1003 1856 1155 1923 coronatis
1170 1857 1213 1944 ²),
1229 1878 1245 1921 a
1261 1860 1359 1937 Petro,
1376 1858 1412 1920 ad
1428 1867 1555 1922 mortem

429 1970 622 2044 properante,
645 1963 797 2027 Romanae
822 1965 972 2028 ecclesiae
995 1965 1186 2046 Episcopum
1210 1983 1278 2030 esse
1302 1964 1479 2028 ordinatum.

517 2067 598 2130 Hanc
621 2070 798 2132 sententiam
822 2071 885 2133 tuiti
908 2079 977 2136 sunt

461 2169 511 2256 u)
535 2173 658 2237 Rufinus
676 2170 790 2258 (Praei.
808 2177 837 2238 in
853 2177 882 2241 S.
900 2176 1060 2240 Clementis
1075 2171 1267 2258 Recognit.):
1294 2173 1392 2254 Cujus
1411 2178 1460 2238 rei
1476 2178 1556 2239 lunc

536 2281 712 2361 accepimus
736 2300 804 2344 esse
827 2282 991 2360 rationem,
1015 2282 1101 2364 quod
1123 2281 1224 2343 Linus
1246 2289 1276 2344 et
1302 2280 1406 2343 Cletus
1428 2281 1558 2358 suerunt

440 2400 442 2404 “
538 2385 660 2472 quidem
689 2394 762 2450 unte
791 2386 975 2448 Clementem
1006 2386 1156 2466 Episcopi
1186 2386 1220 2447 in
1249 2366 1325 2448 urbe
1350 2386 1470 2466 Romu,
1501 2387 1556 2448 sed

536 2492 703 2571 superstite
726 2491 836 2570 Petro,
869 2492 1032 2569 uidelicet,
1065 2500 1101 2555 ut
1130 2491 1179 2552 illi
1205 2490 1414 2571 Episcopatus
1449 2511 1556 2553 curum

537 2605 691 2676 pererent,
714 2596 781 2677 ipse
803 2614 879 2660 uere
897 2595 1102 2676 Apostoletus
1124 2596 1265 2675 impleret
1286 2595 1431 2676 officium.
1468 2599 1557 2660 Sicut

540 2701 698 2763 invenitur
721 2701 815 2762 etium
838 2701 925 2780 opud
949 2700 1138 2763 Caesareum
1159 2702 1295 2781 fecisse,·
1321 2701 1375 2763 udi
1399 2704 1556 2782 cumipse

538 2814 621 2867 esset
636 2823 803 2883 praesens,
820 2805 997 2868 Zuciraeum
1017 2813 1116 2867 tumen
1135 2826 1156 2868 u
1173 2825 1208 2868 se
1230 2806 1408 2884 ordinatum
1424 2808 1559 2870 iubebat

537 2909 737 2990 Episcopum.
783 2910 825 2973 Et
845 2911 905 2974 lroc
927 2910 1019 2972 modo
1051 2918 1213 2990 utrumqne
1243 2931 1349 2974 oerum
1379 2912 1557 2975 uidebitur:

415 3066 420 3075 .
539 3022 573 3077 ut
588 3021 618 3075 et
632 3015 679 3076 illi
696 3022 767 3077 aute
782 3015 964 3079 Clementem
980 3024 1178 3080 numerentur
1189 3016 1350 3098 Episcopi,
1368 3026 1398 3080 et
1415 3017 1556 3082 Clemens

538 3127 639 3180 tumen
660 3127 735 3196 post
758 3119 873 3182 editum
895 3121 980 3183 Petri
1004 3121 1138 3184 docendi
1160 3123 1334 3201 susceperit
1355 3125 1470 3188 sedem.

471 3219 513 3305 pt]
539 3220 709 3284 Chronicon
732 3223 866 3288 Damasi:
890 3226 961 3288 Nisi
984 3235 1125 3306 tempora
1143 3228 1347 3306 pontificatus
1369 3228 1443 3292 Lini
1467 3239 1556 3312 utque

542 3327 622 3389 Cleti
637 3328 694 3391 snb
710 3331 815 3410 spatio
828 3332 1032 3411 praesulatus
1044 3332 1080 3397 B.
1093 3330 1177 3392 Petri
1190 3332 1475 3414 comprehenderis,
1493 3355 1556 3400 non

462 3504 467 3513 ‚
538 3432 600 3495 sibi
624 3452 762 3497 consone
785 3436 1018 3517 respondebunt
1039 3436 1117 3500 unni
1137 3439 1322 3518 pontificum
1340 3439 1556 3505 Romanorum

537 3537 633 3600 annis
655 3539 885 3618 imperatorum.

473 3638 510 3723 p)
542 3640 620 3704 Beda
645 3645 840 3724 venerabilis,
863 3646 1020 3726 Rabanus,
1045 3645 1158 3729 Hayrno
1183 3647 1291 3710 etalii.
1339 3646 1398 3710 Cir.
1424 3648 1554 3716 Coteler.

537 3746 583 3808 ed.
607 3747 724 3811 Patrum
746 3756 840 3831 apost.
865 3751 897 3813 T.
922 3750 943 3812 1.
966 3769 993 3832 p.
1019 3746 1083 3814 492
1107 3757 1187 3836 etp.
1211 3749 1283 3815 387.

517 3850 720 3935 conjecturae.
738 3853 807 3918 huic
821 3855 970 3918 Eusebius
995 3856 1101 3935 obstat,
1125 3856 1250 3936 docens,
1274 3849 1455 3922 Clementem
1476 3881 1554 3926 anno

429 3949 545 4017 demum
576 3954 619 4021 92
648 3956 751 4022 sedern
783 3959 983 4043 episcopalem
1012 3959 1204 4040 ascendisse,
1238 3959 1280 4026 24
1303 3964 1388 4027 annis
1416 3986 1433 4028 a
1458 3975 1554 4032 morte

429 4057 458 4125 S.
476 4059 554 4123 Petri
576 4063 798 4144 praeterlapsis,
822 4082 950 4144 quorum
976 4064 1016 4131 12
1030 4067 1116 4146 Lino,
1141 4073 1170 4128 et
1194 4069 1305 4150 pariter
1330 4067 1369 4133 12
1384 4070 1555 4138 Anencleto

464 4211 561 4279 tucn.
580 4231 640 4284 pag.
663 4214 779 4267 anteced.
798 4214 855 4277 Not.
875 4218 899 4270 2.
1005 4227 1031 4271 et
1048 4219 1114 4272 Rufo
1134 4218 1204 4274 Coss.
1224 4221 1251 4290 (i.
1267 4239 1290 4277 e.
1311 4223 1339 4277 Α.
1361 4224 1395 4275 67
1413 4243 1439 4295 p.
1461 4226 1555 4295 Ch.)e

464 4299 492 4367 2)
512 4299 640 4377 indiculus
670 4301 855 4354 Romanorum·
876 4303 976 4372 pontit,
1004 4308 1069 4358 vivis
1089 4307 1232 4362 decessisse
1250 4319 1361 4365 annotat.

428 4401 503 4456 supra
531 4395 700 4453 memoratas,
729 4389 829 4444 Etutam
852 4381 982 4475 Capitone!
