3659 5209
641 527 662 582 1.
681 503 862 582 amasias
880 527 927 582 nn
945 524 1019 584 coa
1037 527 1098 585 aar.
1110 529 1187 586 aaa.
1412 538 1472 608 131

353 686 463 749 naculi
496 685 541 748 tui
567 700 632 750 non
663 686 793 769 deficiet.
839 687 928 752 Scies
956 697 1074 766 auten,
1108 693 1193 771 quod
1221 696 1345 758 multam
1373 719 1476 762 semen

354 800 449 868 tuum,
474 800 504 852 et
526 792 618 854 liberi
640 792 684 854 tui
706 801 798 854 erunt
820 795 913 874 quasi
937 794 1038 856 oannis
1053 795 1150 858 lerba
1166 801 1277 876 campi.
1318 801 1359 864 Et
1372 806 1477 869 uenies

352 896 387 957 in
402 897 608 974 sepulchrum,
633 904 779 976 tanquam
793 894 981 974 frumentum
1001 908 1166 977 maturum,
1190 904 1275 981 quod
1293 905 1477 987 intempore

351 1011 556 1079 messuerunt,
579 1002 629 1064 oei
649 1003 732 1064 sicut
754 1021 887 1065 aceruus
911 1021 1018 1078 areae,
1048 1004 1081 1064 in
1105 1012 1238 1085 tempore
1260 1021 1474 1089 comportatur.

351 1105 483 1183 Videtis,
515 1105 778 1188 dilecti,-protegi
801 1124 873 1185 eos,
905 1108 957 1187 qui
980 1126 997 1170 a
1019 1106 1147 1173 Domino
1178 1113 1378 1194 castigantur3
1411 1135 1476 1178 cam

353 1209 430 1270 enim
462 1209 558 1271 banus
590 1210 645 1288 sit,
676 1210 803 1292 castigat
831 1227 887 1274 nos
911 1210 1009 1293 Deus,
1040 1220 1073 1275 ut
1101 1221 1203 1278 sancta
1234 1217 1300 1298 ejus
1324 1219 1476 1301 disciplina

354 1313 625 1376 commanebamus.
879 1331 881 1335 ’

314 1586 316 1591 Ι
351 1504 435 1568 LVII.
475 1478 647 1581 Seditionis
668 1511 811 1567 auctores
831 1504 1026 1586 presbyteris
1045 1527 1116 1572 sese
1130 1510 1311 1592 suinclant,
1336 1532 1375 1575 ne
1389 1514 1477 1579 Deus

814 1629 867 1673 eas
890 1611 1013 1690 perdat.

441 1732 502 1794 Vos
525 1732 624 1815 igitur,
649 1732 699 1812 qui
723 1732 878 1796 seditionis
902 1731 1090 1796 fundamenta
1102 1736 1229 1817 jecistis,
1251 1738 1281 1799 in
1306 1738 1475 1802 obedientia

353 1837 463 1899 subditi
486 1844 582 1900 estate
611 1835 828 1919 *presbyteria
853 1842 882 1899 el
904 1839 1121 1901 correctionem
1144 1842 1286 1923 suscipite
1309 1843 1338 1903 in
1364 1847 1475 1926 poeni-

352 1941 482 2019 tentiam,
506 1938 633 2022 ²genua
651 1942 791 2004 cordium
814 1948 983 2012 vesicarum
1012 1941 1176 2008 flectentes.
1221 1947 1331 2010 Discite
1358 1952 1474 2033 subjici,

352 2047 539 2127 deponentes
562 2047 725 2127 gloriosam
750 2052 780 2107 et
802 2047 961 2126 superbam
983 2047 1104 2128 linguae
1119 2057 1239 2113 vestrae
1259 2056 1474 2134 arrogantiam3

350 2152 460 2213 melius
484 2151 562 2210 enim
586 2150 684 2211 estin
712 2167 810 2231 grege
834 2148 942 2211 Christi
973 2168 1082 2231 parvas
1113 2158 1143 2213 et
1171 2152 1267 2216 bonae
1297 2156 1392 2219 lamae
1420 2177 1474 2219 re-

349 2257 464 2338 periri,
495 2273 582 2335 qaam
605 2255 691 2317 ninnis
713 2254 908 2337 splendentes
931 2251 1015 2336 ³spe
1037 2255 1114 2318 itlius
1139 2251 1279 2341 [Christi]
1304 2261 1380 2340 ejici.
1426 2262 1475 2325 Sic

349 2361 431 2422 enim
456 2359 526 2420 dicit
548 2360 691 2440 sapientia
714 2376 831 2423 omnem
856 2359 994 2422 virtatem
1014 2359 1230 2441 complectens:
1262 2359 1374 2440 ‘ecca
1395 2383 1474 2442 pra-

346 2468 454 2548 fornm
476 2464 566 2526 uobis
588 2466 648 2527 mei
670 2466 805 2544 spiritus
828 2464 1013 2542 dictionem,
1037 2465 1154 2528 docebo
1177 2473 1279 2527 autem
1300 2484 1476 2528 aasmcum

347 2588 532 2633 sermonem.
581 2568 736 2644 Quoniam
757 2570 927 2647 vocabam,
957 2578 988 2632 et
1015 2590 1079 2634 non
1103 2571 1281 2648 obediistis,
1313 2580 1344 2634 et
1363 2580 1474 2634 eaten-

347 2674 463 2737 debom
485 2673 589 2752 cerba,
613 2683 643 2736 et
664 2694 729 2739 non
750 2676 940 2752 attendistis,
966 2675 1024 2738 sed
1046 2676 1141 2737 irrita
1161 2673 1284 2753 fecistis
1306 2696 1374 2738 mea
1395 2696 1473 2740 con·

346 2779 443 2856 silio,
475 2779 602 2840 etnicis
625 2780 896 2858 increpationibus
918 2779 1050 2842 rebelles
1076 2780 1206 2861 fuistis;
1237 2781 1344 2861 itaque
1366 2784 1400 2844 et
1418 2800 1473 2861 epo

346 2892 458 2947 vestra
479 2883 655 2962 perditione
678 2885 804 2962 ridebo,
836 2882 980 2965 gaudebo
1004 2890 1123 2961 autem,
1150 2887 1361 2947 cumvenerit
1384 2885 1473 2947 cobis

345 2989 511 3066 interitus,
535 2996 565 3050 et
586 2991 705 3070 quoties
726 2991 891 3052 advenerit
911 2989 1003 3052 vobis
1025 2989 1130 3053 subito
1153 2989 1315 3067 marullus,
1349 2990 1472 3053 eoersio

348 3102 454 3156 autem
475 3094 587 3157 similis
607 3095 765 3174 procellae
787 3091 929 3174 affuerit,
954 3094 1006 3156 ael
1028 3104 1104 3155 cum'
1117 3093 1238 3157 uenerit
1259 3094 1347 3156 aabis
1371 3094 1471 3156 tribu·

347 3199 430 3261 latio
453 3207 483 3261 et
505 3199 681 3278 oppressio.
725 3199 799 3260 Erit
815 3199 906 3275 enim,
930 3217 1000 3260 wan
1013 3198 1201 3261 invocabitis
1216 3217 1273 3275 me,
1298 3218 1353 3280 epa
1370 3207 1472 3261 autem
1579 3264 1587 3271 ,

347 3322 415 3366 uon
447 3305 617 3366 exaudiam
650 3323 727 3378 oos5
764 3310 915 3384 quaerent
944 3322 991 3364 me
1022 3303 1115 3379 mali,
1150 3309 1180 3364 et
1208 3322 1273 3366 non
1304 3303 1471 3366 insanient.

350 3406 494 3471 Oderunt
508 3409 588 3471 enim
602 3408 802 3487 sapientiam,
827 3409 966 3470 timorem
982 3414 1082 3468 autem
1097 3406 1224 3469 Dornini
1240 3426 1304 3471 nan
1325 3404 1470 3469 ⁵assum-

346 3520 469 3589 serunt,
494 3532 592 3595 neque
614 3512 763 3576 uolebant
783 3512 860 3575 meis
879 3512 1038 3574 attendere
1053 3511 1214 3584 consiliis,·
1236 3508 1474 3573 subsannabant

347 3625 451 3680 autem
471 3636 555 3680 meas
576 3617 826 3697 redarputiones.
863 3615 948 3697 Erpa
969 3617 1129 3679 comedent
1148 3616 1220 3677 aiae
1242 3633 1319 3676 suae
1332 3611 1469 3691 fructus,

347 3844 392 3912 qui
409 3840 451 3893 hic
464 3840 603 3893 doctrinam
616 3840 697 3893 illam:
717 3849 795 3897 extra
807 3844 894 3895 ecch·
922 3839 1041 3893 irenaeus
1059 3848 1109 3893 alc.
1137 3840 1205 3908 apud
1228 3842 1327 3895 nunt.
1349 3837 1380 3888 Η.
1398 3834 1467 3933 ΕΞΙΙΙ,

344 3932 419 3983 eiam
436 3930 612 3996 nutaretur,
635 3928 738 3996 detegit.
922 3926 964 3978 22.
992 3930 1054 3979 Cor.
1431 3946 1436 3964 .

382 4014 413 4080 4)
432 4012 507 4065 Pron.
537 4011 567 4078 1,
598 4013 731 4069 23-31.
794 4014 895 4067 Librum
935 4014 987 4082 ·5)
1006 4012 1045 4064 Dc
1074 4012 1122 4064 hac
1148 4012 1229 4063 tonna
1257 4009 1343 4071 coristi
1360 4005 1391 4057 11.
1422 4004 1468 4058 cir.

344 4099 544 4154 Proverbiowm
571 4101 648 4151 elium
674 4104 795 4156 Clemens
818 4104 895 4154 Alex.
923 4102 1021 4153 Buttm.
1041 4097 1081 4151 Gr.
1100 4113 1139 4167 gr.
1157 4097 1250 4164 (med.)
1278 4099 1303 4162 §.
1324 4092 1382 4144 101.
1400 4106 1424 4144 a.
1442 4104 1469 4140 v·

346 4186 441 4240 Situm.
460 4185 493 4251 ΙΙ,
512 4185 554 4236 22.
575 4202 600 4253 p.
619 4187 668 4237 501
690 4183 827 4249 πανάρετον
851 4202 896 4234 σο·
923 4186 999 4253 αὲρέω.
1345 4192 1348 4197 “

344 4277 406 4341 plan
432 4271 560 4343 appellat,
589 4270 700 4343 itemque
726 4270 897 4345 Hegesippaa,

1155 4330 1260 4418 .9,
