3659 5209
343 565 424 620 XVIII
782 557 1036 612 Pnoteuouuttu.
1274 554 1472 624 [EPISTOLAE

250 793 256 806 ,
344 729 502 790 nescimus.
548 724 636 789 Liber
668 720 860 802 pontificalis,
893 717 1026 800 Catalogi
1053 718 1252 781 Romanorum
1284 717 1470 797 pontificum,

346 833 373 896 S.
391 832 554 894 Eucherius
570 826 779 908 Lugdunensis
803 831 832 885 et
857 823 1037 884 Breviorium
1060 822 1224 884 Romanum
1252 843 1291 884 ex
1313 820 1471 902 Recogni-

345 938 473 998 tionibus
497 943 526 997 et
543 933 674 996 Homiliis
691 929 994 1011 pseudoclernentinis
1012 928 1175 990 fabulosam
1192 929 1266 988 illum
1288 934 1472 1011 receperunt

345 1045 561 1118 narrationem,
586 1057 662 1120 quae
686 1036 827 1097 Clementi
852 1052 948 1115 genus
970 1032 1082 1094 Rornae
1105 1034 1303 1110 senatorium,
1334 1041 1472 1113 patrem-

346 1165 404 1226 que
427 1147 595 1207 Faustinum
620 1163 659 1204 ex
682 1144 774 1221 stirpe
799 1139 958 1201 Caesarum
989 1139 1127 1201 vindicat.
1174 1139 1254 1201 Talia
1288 1137 1473 1200 refutatione

344 1270 404 1312 non
428 1252 569 1332 indIgent.

409 1421 411 1425 ,
431 1355 635 1417 tillemontius
660 1348 844 1434 (Memoires
860 1351 892 1411 ΙΙ.
909 1370 937 1431 p.
958 1347 1038 1432 tle)
1062 1368 1100 1410 ex
1117 1350 1209 1429 prima
1224 1350 1383 1411 Clementis
1401 1350 1473 1431 cpi-
1499 1420 1503 1425 p

344 1462 428 1538 stola,
461 1479 524 1541 cap.
548 1456 576 1521 d.
608 1452 732 1541 (ποπήρ
761 1447 846 1540 ἡμῶν
875 1446 1002 1538 Ἰακώβ)
1038 1446 1176 1536 collegit,
1198 1456 1304 1535 *virum
1337 1461 1473 1516 nostrum

344 1566 539 1646 apostolicum
558 1565 705 1642 exstirpe
722 1563 944 1623 Judaicaesse
961 1562 1079 1622 editum.
1118 1561 1176 1640 lpsi
1197 1563 1320 1641 primurn
1343 1562 1473 1621 accessit

345 1669 537 1732 Conslandus
560 1669 589 1730 in
615 1668 808 1729 celeberrIma
831 1685 884 1728 sua
907 1667 1038 1728 editione
1054 1665 1254 1746 Epistularum
1270 1665 1473 1728 Romanorum

344 1773 517 1854 pontificum
541 1774 573 1835 Τ.
590 1774 610 1835 Ι.
627 1793 654 1854 p.
675 1770 730 1848 tt;
754 1779 858 1853 postea
883 1790 956 1834 vero
981 1770 1018 1854 (l.
1036 1791 1060 1833 c.
1081 1791 1108 1852 p.
1126 1768 1187 1853 41)
1213 1772 1257 1831 vir
1280 1772 1472 1834 doctissimus

346 1896 428 1940 suam
454 1879 574 1939 mutavit
596 1879 781 1940 sententiam.
828 1877 1005 1938 Tillemontii
1036 1878 1213 1939 sententiam
1246 1878 1400 1957 amplexus
1426 1884 1473 1939 est

345 1983 442 2069 Herru.
468 1982 615 2060 Venema,
646 1990 677 2045 ut
708 1981 817 2044 exinde
846 1990 1052 2065 argumentum
1086 1982 1249 2044 deduceret
1273 1990 1376 2044 contra
1403 1984 1472 2064 epi-

345 2088 449 2150 stolum
472 2089 687 2168 posteriorem,
720 2089 806 2170 cujus
836 2089 965 2170 scriptor
993 2088 1110 2170 origine
1134 2086 1279 2149 Gentilem
1310 2093 1414 2168 aperte
1437 2105 1471 2150 sc

345 2193 453 2273 prodit.
595 2261 600 2266 ,

432 2297 635 2360 Tillemontius
660 2297 771 2360 addere
793 2304 919 2380 poterat,
944 2299 1124 2360 Clementem
1148 2315 1208 2360 non
1231 2296 1327 2359 solunt
1349 2314 1413 2377 cap.
1430 2293 1470 2371 4.,

344 2400 398 2464 sed
423 2409 452 2464 el
476 2422 500 2465 c.
524 2399 564 2465 31
589 2391 627 2487 [d
651 2399 755 2489 πατὴρ
777 2392 863 2488 ἡμῶν
884 2398 1045 2488 Ἀβροιξο)
1067 2403 1264 2484 patriarcham
1288 2400 1471 2464 ludaeorum

341 2515 464 2586 patrem
487 2517 628 2570 nostram
651 2510 811 2591 appellare.

430 2612 589 2675 Praeterea
607 2613 744 2675 Clemens
769 2631 793 2674 o.
810 2609 861 2676 55.
885 2611 923 2674 do
945 2631 1047 2675 amore
1071 2631 1144 2695 erga
1159 2613 1282 2693 patriam
1304 2610 1471 2694 disputans,

345 2717 490 2798 exemplis
512 2719 646 2797 peritiam
669 2719 808 2800 prolatis,
833 2717 876 2779 ‘ad
905 2718 1041 2798 exempla
1071 2737 1173 2780 corum
1197 2719 1350 2797 procedit,
1382 2737 1469 2798 quos,

344 2829 376 2883 ut
393 2821 471 2899 dicit,
496 2824 577 2884 iuter
594 2842 653 2884 nos
670 2824 874 2903 cognovimus
918 2823 1030 2897 Quibus
1048 2842 1138 2905 quum
1147 2824 1301 2902 judaicos
1318 2825 1469 2902 muliereS,

343 2925 445 2988 ludith
482 2933 511 2988 et
541 2927 664 3005 Esther,
700 2928 873 2991 adscribere
904 2929 1056 3006 videatur,
1090 2930 1155 3010 ipsc
1187 2929 1216 2989 in
1247 2936 1329 2991 ortus
1359 2929 1470 3010 judaici

345 3032 545 3111 suspicionem
570 3032 702 3094 incurrit.
1315 3100 1318 3106 ,

433 3135 492 3200 Sed
516 3155 576 3199 non
600 3136 687 3198 valde
710 3139 814 3220 gravia
836 3138 912 3200 haec
934 3145 1003 3200 sunt
1032 3124 1214 3218 argumenta.
1260 3137 1368 3198 Notum
1393 3139 1470 3199 enim

345 3247 417 3318 est,
442 3247 471 3302 et
495 3240 568 3302 alios
592 3247 706 3322 patres,
738 3261 813 3324 quos
838 3244 1018 3325 egentibus
1042 3251 1125 3306 ortos
1150 3261 1219 3304 esse
1251 3260 1339 3303 nemo
1365 3243 1469 3319 nescit,

341 3347 437 3427 justas
461 3347 573 3407 veleris
597 3346 777 3408 Testamenti
801 3366 947 3429 personas
978 3349 1059 3410 suis
1089 3347 1264 3427 adscribere,-
1296 3348 1469 3428 nrojoribus.

343 3449 377 3512 Ε.
401 3467 430 3531 g.
455 3450 636 3531 Theophilus
667 3451 715 3512 lib.
739 3451 783 3513 ΙΙΙ.
808 3452 843 3514 ad
868 3453 967 3515 Autol.
997 3467 1025 3515 n.
1053 3451 1104 3517 ab.
1136 3453 1254 3514 scribit:
1289 3442 1471 3535 Ἀβροιὶμὸ

344 3545 542 3640 πατριάρχης
563 3545 663 3640 ἡμῶν,
694 3576 721 3619 n.
742 3558 800 3621 27:
824 3549 969 3645 Ἀβραάμ
991 3556 1049 3620 τοῦ
1071 3546 1283 3644 προπάτορος
1309 3546 1410 3640 ἡμῶν,
1442 3563 1472 3618 et

256 3662 258 3665 ’
345 3678 373 3722 n.
397 3658 455 3723 bt:
482 3656 588 3738 Audiri
610 3656 630 3725 o‘
651 3650 809 3747 πρόγονος
831 3658 924 3748 ἡμῶν.
970 3664 1056 3725 Plura
1086 3665 1142 3725 elia
1173 3663 1308 3744 exempla
1336 3662 1469 3725 videsis

346 3765 423 3846 apud
446 3765 595 3842 Semiscb,
620 3767 732 3830 Justa'n.
758 3771 814 3830 der
838 3769 929 3831 Mart.
954 3768 986 3831 T.
1009 3768 1027 3830 Ι.
1052 3787 1079 3849 p.
1103 3765 1172 3830 1¹21.

436 3870 521 3944 Quod
546 3879 642 3935 autem
665 3882 827 3937 memorata
850 3875 953 3956 capitis
977 3870 1018 3936 55
1043 3873 1180 3953 exempla
1203 3872 1314 3948 attinet,
1338 3889 1470 3933 monen-

346 3973 414 4036 dum
438 3982 610 4056 praeterea,
634 3977 815 4042 Clementem
839 3979 968 4041 sortasse
994 3979 1116 4059 primum
1141 3977 1339 4058 egentibus,
1369 3981 1430 4037 tum
1454 3994 1471 4037 e

347 4076 528 4158 Christianis,
551 4082 681 4163 denique
704 4083 859 4145 eludaeis
884 4083 1020 4163 exempta
1035 4083 1144 4143 amoris
1160 4082 1273 4162 patriae
1295 4081 1471 4160 protulisse.

433 4183 624 4266 Clementem,
638 4188 850 4269 Apostolorum
867 4188 1052 4268 discipulum,
1069 4205 1085 4247 a
1099 4186 1250 4247 Clemente
1263 4183 1470 4246 Alexandrino

347 4284 491 4364 Apostoli
508 4295 627 4354 nomine
644 4293 815 4373 insignitum
833 4289 870 4375 ¹),
886 4292 1046 4356 Romanae
1062 4292 1212 4354 ecclesiane
1226 4290 1328 4369 salsae
1341 4289 1469 4367 episco-

382 4408 409 4473 Ι)
429 4409 520 4462 suom.
540 4409 583 4475 rr,
603 4426 624 4462 0.
646 4411 685 4462 π.
706 4424 730 4477 p.
750 4409 801 4462 ooo
820 4411 860 4465 eu.
879 4411 946 4465 corr.
