3659 5209
436 697 549 769 essent,
572 696 709 770 portare,
733 693 762 749 et
784 687 943 776 translatos
965 704 1020 768 per
1042 692 1159 768 portam
1180 685 1316 748 tradere·
1330 687 1387 766 eis,
1412 687 1464 768 qui
1482 690 1554 752 aedi·

436 796 550 859 ficeturi
570 800 654 856 erant
669 793 770 855 turrirn
786 793 872 854 illam.
911 791 1056 854 Continuo
1072 792 1134 853 hae¹
1145 791 1283 872 uirgines
1301 791 1431 854 eosdem
1447 792 1554 874 lapides,

437 900 488 980 qui
510 899 590 979 prius
613 880 721 960 odorati
744 903 829 959 eraot
852 894 890 958 de
913 894 1074 977 profundo,
1097 896 1232 965 inter-se
1254 896 1385 959 elevare
1407 903 1556 979 coeperunt

435 1004 547 1086 pariter
570 986 684 1066 ornnes.
1343 1072 1347 1077 ¹

460 1122 463 1129 ·
495 1108 568 1170 ·lv.
616 1106 699 1181 ¹Qui
720 1112 818 1169 autern
842 1110 990 1168 steterunt
1012 1104 1091 1166 circa
1113 1111 1247 1185 portam,
1272 1104 1329 1169 -sic
1353 1104 1446 1167 etiam
1468 1112 1557 1187 porta·

406 1247 410 1253 ·
434 1209 541 1291 banci,
563 1219 604 1290 ut,
628 1211 678 1291 qui
701 1209 877 1273 videbantur
899 1226 969 1272 esse
989 1207 1140 1286 fortiores,
1162 1207 1199 1270 ad
1216 1209 1350 1290 orrgulos
1365 1216 1556 1290 panetarium

436 1317 548 1380 caeteri
577 1333 650 1378 vero
680 1313 794 1395 lapides
815 1307 863 1376 ·'ad
892 1314 986 1375 latera
1016 1313 1257 1395 subjiciebantur.
1305 1313 1414 1394 Atque
1438 1315 1480 1377 ita
1500 1315 1557 1377 uni·

435 1402 542 1484 versos
564 1419 677 1501 lapides
701 1419 885 1500 pertulerunt
898 1414 921 1496 ³,
945 1434 1060 1497 eosque
1082 1434 1136 1497 per
1158 1424 1276 1497 portam
1292 1418 1470 1481 translatos
1485 1418 1556 1482 aedi-

435 1523 600 1602 ficantibus,
624 1525 700 1586 sicut
722 1519 736 1559 ⁴
744 1525 849 1604 jussae
873 1529 967 1600 erant,
983 1520 1181 1584 tradiderunt.
1204 1521 1269 1583 iiii
1285 1540 1365 1585 vero
1384 1524 1557 1605 excipientes

436 1634 650 1692 exstruxerunt
672 1627 747 1689 illos.
793 1627 873 1689 Haeo
896 1633 994 1688 autern
1022 1625 1187 1688 aedificatio
1217 1643 1314 1706 super
1343 1626 1430 1699 illam
1447 1635 1558 1709 petrau

435 1750 572 1815 magnam
595 1738 625 1793 et
646 1736 762 1811 portam
784 1730 883 1809 fiebat,
906 1736 996 1812 atque
1018 1732 1054 1794 ob
1077 1732 1113 1793 iis
1137 1736 1197 1793 tota
1218 1732 1313 1796 turris
1332 1734 1558 1795 sustentabatur.

436 1837 546 1899 Horum
571 1840 668 1897 autern
693 1817 947 1917 decem-lapidum
970 1841 1116 1899 structura
1139 1836 1229 1896 totarn
1253 1841 1376 1915 portam
1405 1837 1487 1898 illam
1513 1855 1558 1898 rc·
1600 1892 1601 1899 ,

435 1940 543 2021 plevit,
560 1942 645 2019 'quae
668 1939 699 2001 in
721 1938 912 2004 fundamento
938 1941 1026 2003 turris
1049 1928 1126 2002 iltius
1149 1956 1219 2000 csse
1242 1941 1354 2020 coepit.
1406 1942 1481 2005 Post
1501 1942 1558 2004 illos
1599 1904 1601 1999 d

436 2062 510 2106 vero
541 2043 644 2106 decem
663 2043 788 2125 dapides
813 2045 861 2109 alii
891 2042 1020 2128 ⁵viginti
1042 2044 1173 2125 quinque
1196 2043 1305 2105 elevati
1323 2052 1407 2108 -sunt
1431 2045 1480 2110 de¹
1493 2063 1558 2128 pro-
1600 2064 1601 2150 p

436 2147 547 2225 fund03
582 2154 612 2209 et
634 2147 664 2209 hi
686 2150 789 2210 structi
812 2151 933 2212 suntin
956 2149 1190 2212 aedificationem
1213 2148 1306 2221 turris
1326 2149 1493 2231 ejusdem,
1513 2169 1558 2232 per

436 2252 501 2316 illos
525 2253 660 2335 virgines
682 2252 780 2331 levati,
804 2254 880 2315 siout
901 2253 1028 2335 priores.
1065 2254 1135 2315 Post
1156 2252 1217 2330 hos¹
1234 2248 1309 2314 tetii
1329 2254 1459 2341 triginta
1478 2256 1558 2335 quin·

436 2376 496 2439 que
520 2358 629 2419 elevati
651 2364 736 2433 sunt3
770 2362 800 2418 et
827 2357 856 2418 hi
883 2358 1017 2421 similiter
1038 2359 1074 2422 'in
1103 2356 1209 2425 eodem
1229 2362 1334 2437 opere
1352 2360 1464 2440 'aptati
1491 2365 1557 2423 suot

435 2462 507 2524 Post
528 2461 584 2523 bos
609 2455 826 2544 ⁷·quodroginra
848 2462 963 2543 lapides
985 2460 1195 2540 ascenderunt,
1215 2466 1245 2522 et
1266 2461 1298 2521 hi
1322 2475 1437 2526 omues
1460 2463 1559 2546 adjecti

419 2571 507 2631 ‘suu
528 2554 557 2626 iu
580 2571 755 2627 structuram
778 2567 865 2628 turris
881 2566 966 2629 iliius.
1001 2568 1146 2640 ¹Quatuor
1159 2582 1237 2647 ergo
1253 2564 1391 2634 ordines·
1402 2573 1559 2650 coeperunt

438 2669 560 2730 esseio
585 2667 775 2740 fundamento
799 2668 887 2733 turris
910 2672 1004 2747 illius3
1031 2670 1185 2756 desierunt
1204 2669 1284 2730 enim
1307 2667 1434 2751 lapides
1457 2670 1559 2734 extrahi

437 2772 657 2854 de·prosundo;
673 2773 822 2854 paulisper
837 2779 865 2835 et
881 2774 921 2853 hi,
938 2776 987 2854 qui
1003 2773 1205 2852 aedificabant,
1222 2770 1422 2854 quieveruut.
1460 2777 1558 2840 lterum

436 2878 478 2947 illi
501 2886 559 2940 sex
580 2879 834 2940 viri-multitudini
857 2879 897 2941 ilii
919 2881 1167 2960 imperaverunt,·
1184 2882 1216 2940 ut
1244 2875 1284 2938 de
1314 2877 1377 2940 illis
1412 2880 1558 2962 duodecin

435 2975 611 3045 ⁸montibus
634 2962 825 3063 adportarent
845 2982 960 3064 lapides
976 2976 1019 3046 ‘ad
1042 2983 1277 3046 aedificationem
1290 2985 1399 3047 turris
1425 2985 1556 3069 ejusden

435 3084 478 3147 lili
509 3093 607 3148 autern
638 3084 815 3163 excidebant
845 3086 883 3149 de
898 3089 1054 3151 universis
1077 3085 1224 3149 montibus
1247 3088 1408 3151 variorum
1433 3076 1555 3154 colorum

434 3189 567 3271 lapides,¹
596 3195 626 3251 ct
657 3187 828 3252 deferentes
860 3207 914 3254 cos
944 3172 1138 3274 porrigebant
1165 3190 1355 3277 virginibus3
1389 3213 1470 3275 quos
1500 3195 1555 3256 illae

435 529 500 598 412
644 525 782 593 HERMAE
801 523 937 580 PASTOR.
973 524 1070 578 LIBER
1088 523 1130 579 111.
1166 524 1297 593 sluurr.
1308 525 1360 591 ‚lx
1578 313 1599 819 1

435 3488 567 3533 steterunt.
588 3478 654 3534 ,(Ξή.
674 3497 753 3562 supra
769 3499 791 3534 c.
811 3482 835 3533 3.
1008 3501 1033 3553 c.
1051 3484 1092 3536 15.

470 3582 499 3648 2)
519 3587 560 3636 sc,
583 3587 692 3652 rupim,
799 3602 801 3606 ·
1019 3562 1076 3641 [7)
1096 3557 1128 3620 lli
1142 3542 1211 3638 ,ιι
1233 3544 1353 3635 Apostoli
1387 3565 1424 3622 et'
1444 3573 1552 3649 doctores

448 3668 500 3748 ῥ3)
520 3684 561 3738 Sc.
580 3661 704 3752 virgines,
725 3674 813 3752 jussae
838 3687 873 3756 (c.
893 3660 923 3758 3¹)
948 3707 980 3742 cx
1006 3650 1284 3755 pned'cafwfi'lffi'ii
1308 3654 1369 3707 Μ·
1408 3657 1475 3710 Ἶῑᾶθ
1498 3656 1551 3709 ῙΰῘη

434 3771 563 3839 profundo
582 3773 680 3841 lapides
699 3774 823 3826 attollere.
921 3766 924 3774 ⁴
1007 3761 1034 3812 ⁰³·
1050 3744 1081 3794 ¹5
1100 3751 1126 3793 ‘³‘
1144 3742 1196 3793 vn·
1215 3742 1262 3808 ¹¹¹2
1280 3743 1307 3809 5.
1327 3760 1353 3810 P·
1376 3743 1439 3797 334·
1463 3754 1513 3797 ¹¹⁰&
1530 3742 1550 3794 3·

426 3848 435 3862 ”
843 3846 845 3853 ’
1018 3856 1020 3861 ’
1041 3830 1071 3898 8)
1090 3826 1140 3893 Off·
1158 3844 1236 3896 supra
1255 3845 1277 3880 c.
1288 3829 1330 3895 ι1.-
1342 3846 1372 3896 p.
1389 3832 1451 3884 409.
1470 3841 1520 3886 not
1531 3832 1550 3882 6.

469 3877 497 3941 4)
518 3876 576 3928 diss.
601 3877 676 3945 bugd.
698 3880 855 3948 jusserant,
883 3897 919 3933 ⁸⁰·
945 3881 979 3933 iffi
1006 3897 1143 3985 Postquam
1158 3916 1176 3965 ii
1193 3915 1309 3991 lapides,
1337 3919 1386 3985 qui
1408 3919 1493 3984 justos
1510 3918 1550 3969 dc-

434 3977 479 4014 ⁸e¹
498 3964 545 4014 viri
565 3962 658 4014 Μή
677 3963 711 4031 [⁰¹
733 3965 769 4032 3).
837 3984 840 3988 ’
1006 4009 1117 4058 mortuos
1136 4011 1194 4055 anta
1207 4002 1352 4054 ‘adveutum
1368 4004 1463 4059 Cbr'uti
1476 4005 1549 4074 rigui·

470 4065 498 4130 5)
518 4064 549 4115 Hi
566 4073 624 4116 tuni
643 4088 679 4157 ἓ
698 4071 844 4122 secundum
858 4058 986 4126 secutum
1005 4089 1089 4153 licant,
1101 4090 1125 4139 iu
1136 4097 1288 4141 structuram
1299 4091 1381 4143 turris
1391 4095 1468 4160 positi
1479 4099 1549 4154 erant,

434 4151 677 4226 virorpmjustorum
690 4165 749 4208 ante
762 4152 895 4208 Christum.
913 4158 978 4209 Vide
1006 4174 1125 4227 pompm,
1151 4176 1228 4225 ettam
1243 4175 1355 4244 ¹lapides
1382 4195 1398 4230 ο
1420 4179 1550 4240 montibus,

434 4238 498 4297 infra
517 4255 538 4290 θ·
559 4239 601 4292 15·
807 4289 812 4296 -
1004 4263 1020 4314 i.
1034 4278 1056 4314 e.
1074 4261 1164 4313 fideles
1182 4276 1197 4312 c
1215 4263 1491 4332 proportionationis,
1508 4281 1549 4332 ap·

469 4341 497 4409 6)
515 4342 546 4394 Hi
559 4348 622 4396 'sunt
641 4347 785 4414 Prophetae
803 4348 853 4401 Dei
864 4350 903 4402 ‘oc
920 4351 975 4402 mi·
1004 4350 1099 4416 portori
1114 4347 1198 4414 J‘tmii·

300 4474 430 4634 ἱ

447 3394 499 3463 ,1)
518 3394 612 3461 Etviri
627 3395 778 3463 etvirgiuer
797 3374 866 3448 circa
881 3405 980 3464 portam
995 3355 1089 3451 'nistra'
1101 3367 1200 3447 Veteris
1212 3394 1382 3450 Testamenti.
1415 3398 1483 3479 Vide'
1501 3397 1553 3450 uba
1586 3364 1598 3948 ἱ
