3659 5209
590 513 727 567 HERMAE
747 512 879 568 PASTOR.
918 513 1014 567 LIBER
1032 514 1074 569 ΙΙΙ,
1112 514 1236 570 stutttt.
1256 516 1296 572 Vl,
1443 522 1506 587 395

375 671 412 740 ἐν
436 667 691 751 ἀκαταστασίαις,
712 671 828 760 ἕτεροι.
841 665 933 762 ὑβρι-

376 771 508 860 ζόμενοι
522 769 588 842 ὑπο
603 778 665 842 τῶν
679 773 861 857 ἐλαττόνων,
880 776 933 842 καὶ
957 782 1076 869 Plurimi
1093 781 1171 843 enim
1187 780 1366 844 inconstanti
1381 785 1507 850 consilio

377 881 508 972 ἑτέραις
518 878 828 972 νιοικίλαιςντράξεσι.
845 882 932 948 Πολ-
958 885 1047 947 multa
1071 892 1231 965 conantur,
1262 903 1319 948 nec
1348 889 1508 969 quidquam

375 986 433 1054 λοὶ
453 987 513 1076 γάρ
537 982 769 1065 ακαταοτοὶντες
799 986 832 1053 ἐν
860 988 932 1063 ταῖς
958 988 1098 1054 conducit
1114 990 1177 1065 eis3
1194 996 1223 1051 et
1235 989 1336 1053 dicunt
1351 994 1380 1054 in
1394 995 1507 1059 actibus

374 1094 508 1176 βουλαῖς
557 1087 659 1157 αὐτῶν
707 1084 933 1175 ἐπιβάλλονται
958 1096 1030 1174 suis,
1054 1111 1228 1170 successum
1249 1112 1283 1156 se
1305 1113 1366 1157 non
1386 1097 1517 1161 habere.¹

377 1195 426 1273 εἷς
447 1195 553 1264 πολλοὶ
566 1189 746 1286 πράγματα,
758 1197 820 1263 ’καὶ
839 1195 932 1264 οὐδὲν
958 1201 1141 1265 Succurrunt
1156 1200 1192 1269 iis
1210 1218 1254 1279 ea,
1279 1218 1356 1281 quae
1371 1204 1509 1285 nequiter

378 1299 507 1379 αὐτοῖς·
526 1297 618 1378 Ιὅλως
655 1300 834 1383 ὑποβαίνει,
878 1301 932 1369 καὶ
958 1304 1103 1382 iecerunt,
1120 1309 1149 1366 et
1164 1304 1320 1368 Dominum
1341 1314 1507 1371 causantur.

379 1407 656 1496 δυσχεραίνουσιν,
683 1406 734 1472 καὶ
759 1401 797 1472 οὐ
819 1401 931 1495 νινώσ-
958 1408 1053 1482 Quum
1066 1409 1155 1490 igitur
1167 1411 1303 1491 perpessi
1316 1411 1425 1475 fuerint
1438 1431 1508 1476 orn-

377 1532 500 1591 κουσιν,
530 1505 581 1578 ὅτι
603 1505 657 1577 διαὶ
678 1507 722 1577 τα
745 1509 884 1601 nemppe),
912 1513 934 1578 ἃ
957 1531 1025 1575 nem
1040 1515 1230 1577 vexationem
1246 1522 1277 1578 et
1288 1533 1376 1579 omne
1388 1519 1508 1580 incom-

378 1613 539 1707 ἔπραξαν,
571 1610 627 1682 οὐκ
652 1609 849 1684 εὐοδοῦνται·
880 1617 932 1683 καὶ
958 1617 1086 1698 modum,
1110 1624 1180 1681 tunc
1202 1620 1356 1684 traduntur
1378 1622 1447 1684 mihi
1471 1621 1507 1685 ad

329 1764 331 1807 ,
378 1716 496 1790 λοιπόν
517 1717 793 1809 αἰ[τιῶνται]τόν
810 1721 931 1811 κύριον,
958 1723 1065 1785 bonam
1080 1724 1321 1805 admonitionem,
1338 1733 1368 1788 et
1383 1718 1508 1789 firman-

331 1897 335 1905 ,
378 1826 434 1895 καὶ
456 1820 513 1901 οὐκ
533 1824 698 1908 ἀνέχονται
727 1824 786 1903 τας
815 1826 933 1902 λοιπάς
958 1833 1005 1888 tur
1028 1827 1058 1889 in
1081 1827 1139 1890 fide
1156 1826 1282 1909 Domini,
1306 1837 1339 1892 et·
1355 1849 1411 1913 per
1431 1831 1508 1893 reli*

329 1970 337 2021 ,
377 1925 498 2022 ἡμέρας
533 1924 636 1996 αὐτῶν
678 1927 933 2020 ἐπιστρέψαντες
958 1948 1035 2010 quos
1054 1929 1117 1993 dies
1134 1935 1212 1995 vitae
1231 1934 1366 1999 serviunt
1381 1936 1508 2004 Domino

329 2079 340 2127 p
379 2038 551 2105 δουλεῦσαι
579 2037 626 2122 τῷ
650 2038 720 2121 Θεῷ
749 2033 934 2123 ἐνκαθαρᾷ
957 2041 1056 2095 mente
1071 2052 1154 2115 pura.
1191 2036 1229 2098 Et
1244 2056 1334 2118 quum
1354 2041 1510 2122 coeperint

329 2130 342 2231 p*
378 2138 502 2269 νοσσία.
548 2133 607 2205 ’Ἀν
643 2140 680 2206 δὲ
715 2138 932 2226 μετανοήσωσι
958 2136 1132 2201 delictorum
1164 2158 1257 2221 agere
1288 2139 1508 2225 poenitentiam,

329 2288 344 2335 :t
379 2247 431 2313 uni
460 2239 663 2369 demipont,
694 2244 769 2310 τότε
791 2265 932 2323 σονιωσι,
958 2249 1028 2304 tunc
1065 2243 1239 2308 ascendunt
1266 2246 1296 2308 in
1331 2249 1517 2336 praecordiav

329 2396 344 2457 p
379 2352 432 2420 ὅτι
454 2348 572 2417 daciani
593 2345 670 2439 ἔργα
691 2343 796 2414 αὐτῶν
813 2373 854 2415 τα
869 2371 931 2415 ruo
958 2367 1062 2414 eorum
1086 2369 1178 2434 opera
1200 2367 1264 2433 sua,
1288 2355 1317 2416 in
1345 2356 1451 2436 quibus
1473 2375 1508 2419 se

329 2498 344 2563 η
377 2481 457 2546 appo
473 2481 530 2523 ουκ
551 2453 736 2521 εὐοδοῦντο·
757 2453 810 2519 καὶ
833 2447 933 2528 οὕτως
958 2458 1097 2537 nequiter
1128 2465 1346 2535 exercuerunt3
1383 2464 1412 2520 et
1440 2465 1510 2522 tunc

329 2602 342 2647 ,-
380 2554 557 2645 δοξάζουσι
578 2583 636 2626 τον
656 2549 778 2647 κύριον,
809 2556 859 2623 ὅτι
884 2555 933 2622 δι’·
961 2559 1029 2622 dant
1062 2561 1128 2624 Deo
1162 2562 1339 2642 honorem,
1368 2562 1510 2644 dicentes,

329 2694 335 2723 =
378 2680 472 2742 καιος
495 2661 603 2754 κριτής
620 2662 713 2742 ἐστιν,
735 2660 788 2725 καὶ
804 2660 935 2739 δικαίως
956 2667 1068 2748 justum
1085 2666 1217 2747 judicem
1241 2685 1308 2730 eum
1334 2685 1413 2746 esse,
1442 2687 1511 2730 me-

329 2794 335 2853 t
378 2767 521 2849 ἔνταθον,
535 2767 588 2833 καὶ
602 2757 840 2854 ἐσαιδεὺθησαν
854 2765 936 2832 κατα
960 2760 1079 2852 citoque
1101 2788 1136 2832 se
1159 2773 1256 2833 omnia
1279 2788 1349 2832 esse
1380 2789 1511 2854 perpes-

329 2914 332 2939 t
376 2873 443 2954 ,τοῖς
466 2866 601 2964 πράξεις
622 2869 736 2936 αὐτῶν.
960 2891 1017 2937 sos
1036 2872 1199 2938 secundum
1223 2874 1299 2939 sacta
1322 2892 1384 2938 sua.

376 2985 415 3049 ln
430 2983 588 3063 reliquum
611 2998 685 3042 vero
709 2978 844 3042 serviunt
859 2979 925 3040 Deo
942 2984 1041 3042 mente
1056 2998 1141 3060 pura,
1164 2986 1195 3042 et
1214 2998 1387 3043 successum
1403 2979 1512 3043 habent

376 3091 413 3153 in
444 3087 575 3170 negotiis
606 3086 668 3148 suis
700 3085 852 3162 omnibus,
882 3084 1064 3165 accipientes
1087 3102 1104 3146 a
1127 3083 1273 3163 Domino,
1307 3103 1512 3167 quaecumque

375 3197 520 3277 poscunt
564 3189 601 3252 Et
623 3196 694 3253 tunc
714 3190 825 3272 gratias
848 3194 939 3269 agunt
955 3188 1092 3267 Domino
1116 3189 1196 3270 quod
1221 3189 1279 3250 sint
1301 3189 1371 3251 mihi
1393 3190 1509 3268 traditl3

366 3317 441 3363 nec
461 3299 523 3380 jam
545 3295 705 3376 quidquam
727 3294 906 3361 crudelitatis
929 3292 1109 3374 patiunturf‘

472 3401 519 3462 tv.
553 3400 629 3463 Dice
644 3399 702 3460 illi:
721 3399 918 3477 „etiamnunc
935 3399 1064 3477 domine,
1081 3397 1251 3461 demonstra
1267 3397 1367 3461 mihi.“
1403 3400 1512 3481 „Quid

377 3504 564 3589 inquiris?“
596 3505 698 3585 inquit.
745 3503 811 3569 Dixi
835 3505 879 3565 ei:
915 3521 979 3582 „an
1010 3520 1065 3583 per
1093 3500 1170 3562 idem
1192 3489 1308 3582 tempus
1331 3507 1511 3585 crucientur,

378 3612 437 3697 qui
460 3609 616 3691 discedunt
637 3627 663 3695 a·
677 3609 785 3669 timore
802 3607 867 3686 Dei,
890 3615 1031 3688 quantum
1053 3609 1099 3671 usi
1124 3605 1234 3670 luerint
1257 3608 1331 3672 falsa
1352 3609 1512 3673 dulcedine

380 3734 421 3780 ac
437 3713 681 3796 uoluptatibus‘i“
718 3712 768 3774 nn
784 3713 869 3774 mihi:
894 3732 969 3794 „per
983 3714 1061 3775 idem
1077 3719 1192 3793 tempus
1210 3714 1297 3774 etiam
1311 3713 1509 3776 cruciantur.“

380 3820 422 3883 Et
449 3818 513 3880 dixi
542 3819 584 3879 ei:
618 3818 787 3899 „exiguum
809 3819 900 3900 igitur
924 3819 1109 3901 cruciantur3
1143 3818 1301 3899 oportebat
1323 3821 1511 3896 autem'eos‚

381 3924 437 4006 qui
462 3923 506 3985 sic
528 3922 695 4004 percipiunt
716 3922 894 4003 voluptates,
918 3930 951 3984 ut
971 3908 1127 3984 Dominum
1153 3922 1374 3998 obliviscantur,
1398 3922 1511 4002 septies

382 4035 499 4092 tanturn
517 4027 576 4109 pati
593 4027 784 4108 poenarum.“
823 4026 872 4088 Ait
887 4026 973 4089 mihi:
998 4027 1116 4106 „fatuus
1134 4045 1176 4104 es,
1195 4032 1253 4087 nec
1267 4018 1407 4107 intelligis
1424 4025 1511 4108 hujus

382 4148 506 4229 poenae
528 4131 697 4193 virtutenn“
742 4130 780 4191 Et
804 4126 879 4192 dixi':
905 4132 1044 4210 „sienim
1066 4130 1273 4220 intelligerem,
1296 4127 1425 4212 domine,
1450 4146 1511 4191 non

381 4239 617 4319 interrogarem,
641 4240 673 4297 ut
695 4233 915 4302 demonstrares
939 4237 1038 4311 mihis}
