3659 5209
639 529 670 584 11.
689 526 871 584 ctuuunns
897 528 944 582 no
964 527 1038 583 0011.
1057 529 1125 585 1.1t.
1144 530 1187 584 m.
1418 537 1480 603 137

345 695 506 757 miseratus
530 698 575 757 est
598 709 670 771 nos,
703 697 732 754 et
764 691 931 754 visceribus
960 697 1125 755 commotus
1156 693 1259 757 salvos
1289 693 1380 776 lecit,
1411 715 1479 761 eum

346 806 516 881 spectasset
537 800 566 862 in
589 797 675 860 nobis
700 794 821 859 multum
844 813 982 859 errorem
1005 803 1094 876 atque
1117 798 1281 878 interitum,
1311 818 1368 862 nco
1392 801 1480 866 ullam
1562 781 1565 786 ⁵

346 923 404 968 nos
427 905 538 967 habere
562 921 647 984 spem
669 901 782 980 salutis,
806 901 863 964 nisi
886 920 962 976 eam,
986 919 1065 980 quae
1081 901 1116 964 ab
1139 902 1204 982 ipso
1226 908 1280 964 est.
1329 901 1338 941 ¹
1357 905 1482 971 Vocavit

348 1009 428 1072 enim
452 1027 517 1089 eos,
540 1009 590 1089 qui
614 1025 675 1070 uon
698 1023 827 1085 eramus,
852 1011 882 1067 et
904 1003 998 1068 voluit
1020 1023 1038 1068 e
1061 1004 1154 1069 nihilo
1178 1022 1248 1069 esse
1271 1025 1337 1071 uos.

348 1203 382 1266 ll.
421 1203 577 1279 Ecclesia,
600 1201 692 1280 prius
714 1200 843 1276 sterilis,
867 1198 1033 1261 vocatione
1054 1199 1192 1278 peullam
1214 1199 1292 1263 mire
1311 1198 1481 1278 foecunda.

440 1322 603 1387 ²Luetere
632 1322 770 1400 sterilis,
805 1340 892 1402 quae·
915 1339 979 1383 noa
1005 1322 1119 1399 poris;
1152 1340 1277 1401 erumpe
1309 1331 1339 1386 et
1371 1325 1483 1402 clame,

352 1450 433 1512 quea
456 1448 519 1492 non
538 1428 705 1508 porturis;
728 1428 877 1508 quonium
899 1427 988 1488 multi
1008 1427 1068 1506 filii
1092 1429 1245 1506 desertae,
1269 1431 1370 1510 inopis
1394 1450 1484 1512 quem

353 1538 441 1615 ejus,
473 1554 553 1614 quoe
575 1533 668 1596 labet
690 1533 801 1595 cirum.
848 1530 935 1606 Quod
965 1529 1055 1594 dixit:
1088 1532 1208 1596 laetere
1232 1537 1371 1612 sterilis,
1404 1554 1485 1616 quoe

352 1660 418 1704 aon
438 1641 541 1721 poris,
566 1656 622 1702 nos
645 1638 771 1713 indicat3
794 1636 904 1698 sterilis
929 1637 1007 1699 inim
1031 1644 1095 1698 erat
1114 1639 1243 1702 ecelesia
1257 1645 1372 1719 nostra,
1396 1647 1485 1703 ante-

305 1776 308 1801 2
354 1762 443 1825 quam
467 1743 495 1805 ei
519 1742 578 1805 dati
602 1747 704 1805 essent
726 1740 786 1803 filii.
834 1740 922 1815 Quod
945 1758 1020 1819 uero
1048 1741 1137 1804 dixit:
1169 1744 1286 1822 clamo,
1316 1762 1397 1825 quoe
1421 1763 1485 1807 aon

305 1872 309 1907 .·
350 1847 514 1929 porturis,
537 1847 596 1910 hoc
619 1846 703 1910 dicit:
734 1863 843 1926 preces
866 1851 987 1907 nostras
1011 1846 1100 1926 plene
1123 1847 1160 1910 ad
1182 1849 1278 1912 Deum
1305 1849 1483 1929 referamus,

356 1973 417 2018 non
434 1952 714 2034 -parturientium
731 1951 822 2012 instar
843 1984 884 1993 —
907 1946 1114 2013 ³deficienles.
1160 1952 1246 2026 Quod
1270 1962 1367 2017 autem
1393 1955 1485 2019 dixit:

305 2084 315 2136 ¹.
358 2059 435 2139 quie
457 2058 545 2119 molti
565 2057 626 2136 filii
648 2055 802 2128 desertae,
828 2052 928 2132 mepte
945 2070 1037 2132 qaam
1053 2058 1131 2134 ejus,
1156 2075 1235 2137 quae
1252 2059 1345 2122 nabet
1363 2061 1485 2135 cirum3

357 2164 386 2226 id
417 2162 509 2240 dixit,
540 2160 678 2240 quoniam
707 2156 835 2240 populus
865 2163 969 2220 noster
999 2157 1137 2223 desertus
1168 2178 1237 2224 esse
1267 2161 1423 2228 videbatur
1454 2173 1485 2230 et

305 2272 312 2333 .’
356 2269 424 2330 Deo
449 2266 578 2343 orbatus,
603 2283 682 2328 nunc
702 2282 787 2343 vero,
811 2261 1054 2341 concredimus,
1079 2261 1205 2346 ⁴plures
1227 2265 1296 2328 sacti
1316 2285 1418 2330 sumus
1439 2270 1485 2347 iis,

305 2398 312 2431 ,-
359 2373 410 2455 qui
447 2371 541 2433 Deum
574 2370 686 2432 habere
721 2369 930 2431 censebantur.
984 2367 1049 2430 Alia
1087 2387 1207 2450 quoquc
1242 2369 1394 2450 Scriptura
1431 2373 1487 2433 ait:
1520 2434 1531 2441 ,

360 2475 455 2541 ⁵noa
484 2476 557 2538 oeni
581 2493 695 2538 vocare
719 2475 847 2553 justos,
879 2474 937 2535 sed
962 2483 1156 2552 peccateres.
1201 2476 1266 2539 Hoc
1289 2474 1374 2552 dicit,
1408 2475 1488 2556 quod

360 2583 470 2646 debeat
491 2587 652 2664 pereuntes
676 2598 809 2643 servare.
854 2578 887 2642 ld
911 2580 989 2641 enim
1013 2597 1151 2662 iitagnum
1178 2586 1207 2642 et
1230 2579 1402 2642 admirabile
1426 2588 1486 2643 cst:

358 2688 482 2765 fulcire,
518 2704 578 2748 non
613 2705 689 2767 quae
719 2690 815 2763 stant,
847 2685 901 2747 sed
934 2703 1012 2765 quae
1045 2683 1163 2747 eadunt.
1209 2685 1259 2749 Sic
1290 2692 1321 2747 et
1352 2684 1490 2748 Christus

359 2789 514 2855 ⁶servare
536 2791 630 2854 voluit
651 2790 824 2872 pereuntia,
848 2797 878 2853 et
901 2789 1008 2852 multos
1031 2789 1181 2868 servavit,
1202 2791 1327 2853 veniens
1351 2808 1489 2853 vocans·

359 2915 421 2978 que
443 2913 500 2959 nos
520 2898 582 2979 jam
606 2900 777 2977 pereuntes.

359 3087 407 3150 lll.
448 3086 656 3169 confiteamur
672 3060 837 3164 Christum,
854 3084 1010 3164 facientes
1026 3087 1178 3151 mandate
1193 3091 1271 3169 ejus,
1293 3096 1323 3151 et
1337 3108 1377 3152 ea
1394 3090 1489 3152 corde

777 3213 845 3256 eam
867 3193 1069 3257 ltouorentes.

453 3315 524 3380 Cum
553 3317 645 3399 igitur
673 3323 783 3379 tantam
813 3316 1047 3379 misericordiam
1078 3334 1153 3399 erga
1183 3333 1240 3380 nos
1271 3317 1336 3400 ipse
1367 3317 1490 3382 lecerit:

361 3423 460 3506 primo
483 3421 618 3502 quidem,
641 3420 722 3502 quod
745 3438 817 3500 nos,
840 3423 890 3502 qui
914 3421 1058 3500 vivimus,
1082 3420 1137 3484 diis
1160 3423 1284 3486 mortuis
1306 3440 1369 3489 non
1392 3424 1490 3486 sacri-

361 3529 496 3606 ficamus,
519 3545 576 3589 nee
598 3524 756 3589 adoramus
780 3544 851 3605 eos,
879 3525 935 3589 sed
957 3546 1013 3608 per
1034 3529 1131 3610 ipsum
1155 3528 1353 3612 cognovimus
1377 3535 1492 3611 patrem

364 3633 516 3710 veritatis3
540 3650 684 3712 quaenam
709 3638 754 3694 est
776 3633 909 3715 cognitio
934 3631 971 3695 ad
995 3651 1063 3695 eum
1087 3632 1267 3715 perducens,
1295 3634 1353 3696 nisi
1376 3640 1408 3696 ut
1431 3650 1493 3696 non

362 3754 512 3822 negemus
543 3737 639 3815 illum,
670 3754 726 3817 per
755 3755 842 3817 quem
867 3756 935 3801 eum
960 3737 1183 3822 cognovimus?
1228 3737 1278 3800 Ait
1304 3756 1379 3800 vero
1406 3740 1494 3800 etiam

362 3845 447 3925 ipse:
473 3836 552 3922 'qui
575 3862 620 3904 me
643 3843 808 3923 consessus
829 3840 929 3919 fuerit
958 3861 1065 3905 corum
1094 3843 1290 3918 hominibus,
1324 3841 1495 3926 confitebor

365 3965 435 4010 eum
464 3964 569 4009 eorem
596 3954 687 4027 patre
714 3966 792 4010 mec.
837 3947 919 4010 Haec
952 3953 997 4009 est
1030 3949 1129 4030 itaquo
1163 3964 1278 4013 merces
1313 3952 1434 4021 nostra,
1452 3941 1493 4004 'si

363 4123 477 4192 pliciter
489 4123 523 4174 aa
535 4123 617 4175 ocum
631 4123 811 4190 perforemus,
827 4086 918 4189 taque,
982 4121 1010 4185 5)
1030 4119 1116 4172 naon
1136 4117 1161 4182 a,
1181 4116 1222 4169 ia.
1258 4114 1319 4169 nuc.
1338 4115 1364 4180 5,
1384 4111 1425 4163 aa.

366 4219 398 4264 ut
415 4211 610 4274 parturimur,
629 4210 814 4272 uociferemur.
982 4209 1010 4274 6)
1031 4207 1118 4258 Matth.
1139 4203 1242 4268 18,11.

380 4320 383 4325 -
404 4295 434 4357 4)
453 4293 490 4345 lta
508 4293 615 4362 loquens
632 4309 661 4345 so
673 4291 798 4345 Gentilem
813 4294 920 4361 indicat,
983 4295 1011 4359 7)
1033 4292 1120 4355 naith.
1140 4290 1182 4356 10,
1201 4288 1243 4342 ³2.

366 4397 423 4438 non
440 4379 573 4437 Judaeum.
601 4383 747 4434 vocarem.

1336 4643 1338 4648 .
1449 4544 1588 4662 Ι·
