3659 5209
494 527 515 559 *
535 528 672 585 nunnae
692 530 828 585 rnsron.
865 530 960 585 tinen
979 532 998 586 1.
1035 532 1119 588 usto
1137 532 1179 590 nt
1357 534 1421 603 339

291 691 479 774 simplicitate
513 697 543 755 et
560 694 742 755 innocentia
775 699 805 754 et
836 693 998 770 modestia,
1033 700 1155 775 propter
1173 697 1420 763 misericordiam

292 798 366 876 Dei,
403 813 479 878 quae
510 815 602 879 super
631 814 686 859 vos
719 797 840 861 stillavit
870 799 1049 880 injustitia,
1081 805 1112 862 ut
1142 802 1364 866 sanctificemini
1392 812 1422 867 et

288 902 491 986 justificemini
514 904 550 964 ab
576 902 655 965 omni
678 904 808 983 nequitia
833 909 865 968 et
885 904 964 965 omni
987 905 1131 983 pravitate
1139 925 1148 980 3
1172 923 1228 967 vos
1245 914 1342 968 autem
1359 927 1420 972 non

292 1007 382 1070 vtrltis
413 1009 608 1088 requiescere
638 1025 656 1068 a
686 1009 825 1087 nequitiis
856 1009 972 1071 vestris.
1019 1010 1104 1072 Nunc
1135 1029 1211 1092 ergo
1240 1012 1339 1074 audite
1362 1033 1421 1093 me,
1528 1052 1530 1066 ·

292 1122 323 1175 et
345 1114 579 1195 pacem'babete
610 1113 685 1174 alius
715 1132 781 1176 cum
811 1115 886 1193 alin,
918 1119 947 1173 et
979 1110 1122 1194 'visitate
1151 1133 1206 1178 vos
1235 1116 1419 1197 alterutrum,

292 1228 323 1282 et
353 1219 495 1299 suscipite
527 1234 582 1279 vos
613 1218 757 1297 invicem,
788 1227 818 1284 et
847 1220 951 1282 nolite¹
969 1220 1026 1282 soli
1057 1217 1237 1283 ²creaturas
1259 1220 1314 1282 Dei
1345 1241 1419 1303 per-

291 1325 393 1404 cipere
403 1343 412 1399 3
447 1321 643 1385 abundantius
674 1324 760 1385 etiam
792 1325 938 1404 impertita
971 1325 1138 1406 egentibus.
1184 1325 1309 1400 Quidam
1341 1327 1418 1388 enim

290 1427 493 1510 compluribus
517 1427 590 1488 cibis
614 1426 808 1491 infirmitatem
833 1431 932 1508 carnis
954 1449 1027 1492 suae
1046 1431 1232 1508 contrahunt,
1258 1438 1289 1492 et
1307 1432 1419 1495 violant

289 1551 412 1594 carnem
434 1551 526 1595 suam.
570 1530 705 1593 Aliorum
729 1536 911 1615 autem,·qui
931 1552 990 1597 non
1013 1535 1122 1597 babent
1142 1556 1239 1616 escas,
1262 1537 1419 1598 marcescit
1438 1552 1441 1557 ·

289 1655 363 1699 caro
386 1637 530 1717 ipsorum,
544 1641 676 1716 propter
698 1637 737 1714 id,
761 1639 841 1718 quod
865 1658 926 1702 non
950 1639 1058 1702 habent
1081 1642 1278 1705 sufficientem
1302 1642 1416 1717 cibum;

288 1749 320 1804 et
344 1742 534 1804 consumitur·
550 1758 661 1822 corpus
685 1758 797 1805 eornm.
844 1745 925 1806 Haec
947 1745 1037 1826 igitur
1060 1725 1417 1828 intemperantianociva

287 1854 336 1909 est
359 1846 464 1922 vobis,
495 1845 669 1908 habentibus
700 1853 730 1908 et
758 1866 818 1910 non
848 1851 1131 1912 communicantibus
1161 1853 1212 1929 iis,
1243 1851 1293 1930 qui
1316 1857 1415 1933 egent.

283 1950 442 2021 Attendite
469 1951 611 2034 J'udicium
642 1953 870 2032 superveniens.
917 1953 973 2026 Qui
996 1956 1215 2019 *eminentiores
1246 1955 1334 2032 estis,
1366 1956 1416 2016 in·
1495 1957 1503 1970 '

249 2111 254 2117 .
285 2057 398 2137 quirite
421 2058 599 2133 esurientes,
623 2055 690 2118 dum
714 2055 810 2117 adbuc
830 2058 923 2118 turris
939 2075 999 2120 non
1017 2065 1063 2120 est
1078 2067 1288 2121 consummata.
1327 2060 1415 2132 Post-

285 2179 377 2241 quam
409 2162 487 2223 enim
517 2167 718 2222 consummata
753 2157 844 2222 luerit
875 2161 981 2237 turris,
1014 2162 1121 2224 voletis
1156 2162 1351 2239 benefacere,
1385 2169 1416 2224 et

287 2262 381 2326 ³nbn
413 2265 556 2327 babebitis
591 2266 696 2327 locum.
742 2262 846 2327 Videte
882 2282 958 2346 ergo
991 2283 1065 2343 vos,
1099 2268 1149 2347 qui
1182 2265 1349 2348 gloriamini
1385 2266 1415 2327 in

286 2369 399 2431 divitiis
422 2371 541 2448 vestriS,
564 2388 604 2431 ne
628 2368 706 2431 forte
729 2364 954 2450 ⁴ingemiscant
976 2369 1006 2445 ii,
1029 2370 1080 2449 qui
1104 2375 1209 2450 egent,
1234 2375 1264 2430 ct
1285 2369 1414 2450 gemitus

285 2492 393 2538 eorum
417 2473 557 2536 ascendat
580 2473 617 2537 ad
640 2473 806 2555 Dominum,
831 2479 860 2533 et
883 2472 1080 2536 excludamini
1105 2490 1170 2535 cum
1194 2475 1280 2536 bonis
1303 2474 1413 2534 vestris

286 2585 374 2642 extra
400 2579 521 2660 januam
554 2581 652 2642 turris.
697 2577 784 2641 Nunc
815 2578 917 2657 itaque
947 2578 1033 2640 vobis
1065 2576 1161 2656 dico,
1186 2578 1236 2657 qui
1266 2578 1413 2658 praeestis

285 2684 445 2762 ecclesiae,
469 2690 499 2746 et
521 2681 647 2745 ⁵amatis
663 2683 774 2763 primos
791 2699 971 2744 consessus:
996 2683 1086 2745 nolite
1102 2683 1213 2745 similes
1235 2682 1299 2744 lieri
1316 2681 1412 2743 anale-

286 2788 362 2850 fieis.
408 2788 444 2851 Et
467 2789 594 2851 malefici
618 2788 736 2868 quidem
760 2804 876 2851 venena
894 2804 948 2848 sna
971 2786 1000 2848 in
1019 2785 1167 2866 pixidibus
1185 2786 1332 2868 bajulant;
1356 2802 1412 2858 vos

284 2900 386 2956 autem
409 2912 557 2955 venenum
581 2899 711 2954 vestrum
737 2897 766 2953 et
788 2892 977 2972 pharmacum
1001 2894 1030 2953 in
1054 2892 1147 2955 corde
1174 2893 1350 2971 continetis,
1382 2897 1413 2953 et

285 3017 350 3061 non
373 2999 459 3061 vultis
482 3016 613 3081 purgare
636 2998 727 3062 corda
752 3003 860 3074 vestra,
884 3002 914 3058 et
931 2999 1115 3077 permiscere
1137 3014 1259 3059 sensum
1279 3001 1411 3057 vestrum

283 3103 486 3185 puro-cardi,
518 3110 550 3164 ut
580 3102 712 3165 babeatis
742 3099 976 3163 misericordiam
1002 3120 1018 3163 a
1041 3120 1117 3183 rege
1141 3119 1258 3183 magno.
1305 3098 1411 3163 Videte

284 3225 381 3288 ergo,
412 3207 477 3286 lilii,
508 3224 547 3268 ne
577 3205 655 3269 forte
685 3206 741 3268 bae
773 3204 979 3267 dissensiones
1007 3213 1126 3283 vestrae
1157 3204 1295 3266 fraudent
1322 3204 1411 3264 vitam

282 3318 425 3374 vestram.
472 3310 629 3384 Quomodo
652 3327 707 3373 vos
731 3311 851 3373 erudire
875 3312 963 3374 vultis
994 3312 1108 3374 electos
1132 3312 1218 3389 Dei,¹
1237 3330 1326 3391 quum
1355 3309 1412 3391 ipsi
1499 3378 1502 3383 ¹

283 3434 346 3479 non
385 3416 517 3478 habeatis
556 3415 768 3497 disciplinam?
829 3415 1021 3479 Commonete
1063 3433 1140 3496 ergo
1178 3432 1234 3477 vos
1272 3415 1412 3494 invicem,

283 3521 441 3603 pacatique
465 3528 564 3584 estote
586 3521 664 3581 inter
687 3537 752 3597 vos,
774 3526 807 3582 ut
823 3524 853 3581 et
868 3538 927 3601 ego
944 3539 1045 3602 coram
1061 3528 1146 3601 patre
1160 3525 1264 3583 vestro
1281 3518 1411 3598 adstans,

283 3627 431 3690 rationem
454 3626 577 3689 reddam
600 3643 655 3705 pro
679 3625 764 3688 vobis
787 3624 946 3688 Domino.“

371 3729 408 3792 X.
432 3731 589 3810 Quumque
606 3728 744 3791 desiisset
760 3746 874 3797 mecum
886 3728 979 3808 loqui,
995 3735 1142 3791 venerunt
1155 3728 1195 3790 illi
1207 3746 1264 3790 sex
1271 3729 1411 3810 juvenes,

239 3830 242 3839 '
284 3835 337 3917 qui
358 3835 568 3914 aedificabant,
600 3841 629 3896 et
660 3834 791 3897 tulerunt
821 3834 899 3925 illam
930 3834 968 3895 ad
1000 3833 1121 3910 turrim,
1153 3839 1183 3894 et
1211 3830 1258 3893 alii
1282 3838 1411 3911 quatuor

322 4023 348 4090 1)
369 4023 462 4076 Similia
490 4023 609 4091 leguntur
636 4024 660 4073 iu
685 4020 734 4088 Ep.
758 4019 832 4074 Bam.
860 4021 1042 4072 consummatio
1072 4019 1222 4070 seculorum.
1259 4017 1323 4068 Vide
1352 4032 1407 4084 cap.

283 4130 305 4164 c.
328 4111 376 4162 19:
407 4107 532 4175 ἐκζητήσεις
560 4105 617 4158 καθ’
644 4105 744 4172 ἑκάστην
771 4105 833 4172 ἡμέ-
860 4108 1015 4159 antecedens
1034 4123 1058 4172 p.
1079 4104 1137 4156 338.
1158 4111 1209 4155 not.
1228 4104 1253 4155 2.

281 4216 327 4266 ραν
347 4194 376 4246 ro*
395 4194 512 4264 πρόσωπα
530 4200 578 4245 τῶν
596 4193 678 4263 dyt'wu.
896 4191 926 4260 4)
946 4193 996 4244 Csr.
1016 4193 1070 4245 dac.
1090 4193 1113 4255 5,
1134 4191 1157 4242 4.
1255 4210 1261 4217 ·

319 4284 348 4353 2)
367 4283 386 4335 1.
407 4300 431 4333 e.
450 4287 526 4338 dona.
564 4281 814 4345 ctr.tot.31,17.
894 4279 923 4348 5)
943 4279 994 4331 Cir.
1014 4279 1098 4331 narrt.
1111 4278 1155 4342 23,
1168 4279 1193 4328 o.
1220 4278 1296 4331 blanc.
1312 4276 1353 4343 12,
1367 4277 1409 4330 39.

319 4370 349 4436 3)
369 4369 566 4424 consummatio·
589 4371 663 4424 turris
692 4367 765 4421 simul
796 4375 834 4420 aet
860 4365 920 4418 Luc.
942 4367 983 4431 11,
1002 4367 1044 4418 13.
1073 4367 1117 4431 20,
1136 4366 1178 4417 dli.

1127 4451 1202 4520 aa·
1295 4416 1297 4419 ’

1426 4566 1531 4667 Ι
