3659 5209
541 550 668 609 ronam
683 552 843 609 srrsrom
861 534 907 607 Αἰ)
926 551 1094 609 saussros.
1113 554 1143 609 n
1160 554 1202 610 ru
1220 556 1273 611 xn.
1328 571 1334 585 ·
1406 561 1468 627 103

349 719 449 778 autem
473 713 589 778 Domini
611 713 782 777 studeamus
806 730 875 776 esse
906 709 992 796 (quis
1016 716 1157 798 majorem
1180 716 1316 798 injuriam
1340 715 1350 754 ¹
1363 736 1470 800 passus

348 827 395 883 est
418 838 565 900 unquam,
597 818 662 900 quis
693 820 788 900 magis
820 817 992 898 destitutus,
1025 802 1090 899 quis
1120 821 1214 902 magis
1247 821 1470 906 contemtus‘t),

346 921 415 986 ²ne
448 920 568 986 ³herba
599 923 695 1005 aliqua
726 923 836 987 diaboli
862 923 892 985 in
916 922 1003 986 vobis
1030 924 1213 1000 inveniatur;
1244 922 1299 989 sed
1330 926 1360 987 in
1390 929 1470 990 omni

343 1012 475 1111 puritate
499 1032 528 1090 et
551 1029 744 1110 temperantia
767 1028 927 1107 mancatis,
949 1028 979 1090 in
1002 1027 1076 1093 lesu
1099 1028 1233 1108 Christo,
1261 1030 1418 1093 carnaliter
1441 1038 1471 1093 et

340 1131 547 1216 spiritualiter.

332 1312 390 1387 xtss
440 1323 620 1386 Novissima
635 1325 707 1403 jum
724 1333 797 1385 sunt
817 1331 976 1404 temporu;
1000 1326 1158 1390 timeamus
1177 1311 1359 1402 Dominum
1381 1337 1470 1392 orote

838 1447 900 1507 pro
923 1449 978 1491 me.

433 1547 630 1612 ⁴Novissima
654 1555 723 1613 sont
745 1557 888 1633 tempora.
933 1551 1004 1616 ldeo
1034 1571 1227 1616 revereamur
1257 1560 1287 1616 et
1315 1555 1469 1618 timeamus

329 1652 396 1717 Dei
430 1652 701 1736 longanimitatem,
736 1673 775 1716 ne
806 1656 836 1718 in
862 1644 1006 1739 judicium
1037 1658 1123 1720 nobis
1153 1658 1248 1720 cedat.
1300 1658 1359 1721 Aut
1391 1660 1469 1722 enim

329 1759 474 1822 futuram
508 1758 661 1823 timeamus
695 1761 783 1839 iram,
822 1769 873 1825 aut
907 1768 1096 1843 praesentem
1133 1764 1256 1844 gratiam
1295 1762 1467 1845 diligamus;

329 1861 465 1926 'unum
489 1881 529 1924 ex
544 1860 677 1927 ‘duobus
721 1865 810 1928 llodo
827 1866 856 1928 in
873 1865 991 1929 Christo
1007 1864 1082 1928 lesu
1097 1866 1290 1944 inveniamur,
1314 1867 1350 1930 ad
1367 1886 1468 1929 veram
1535 1866 1542 1879 '

329 1968 436 2032 vitam
457 1965 625 2030 vivendum.
671 1967 741 2031 Sine
770 1969 836 2050 ipso
867 1968 939 2031 nihil
969 1986 1025 2031 vos
1055 1967 1178 2048 deceat,
1211 1971 1240 2031 in
1268 1989 1327 2050 quo
1350 1971 1469 2034 vincula

329 2068 527 2137 circumiere
557 2071 726 2153 spirituales
755 2069 978 2155 ⁶margaritas,
1008 2071 1038 2132 in
1070 2073 1177 2152 quibus
1207 2091 1368 2158 resurgere
1398 2075 1468 2137 mihi

329 2177 502 2259 contingat
524 2177 659 2241 oratione
682 2183 793 2256 vestra,
817 2178 901 2259 qu'us
917 2195 965 2238 me
981 2183 1052 2257 opto
1069 2193 1188 2258 semper
1205 2177 1270 2240 lieri
1284 2179 1467 2260 participem,

329 2288 368 2347 ut
392 2280 588 2345 inveniarin
610 2289 694 2345 sorte
709 2281 905 2364 Ephesiorum
923 2281 1166 2360 Christianorum,
1190 2282 1240 2362 qui
1263 2288 1292 2344 et
1314 2282 1467 2363 Apostolis

329 2404 467 2470 semper
489 2393 709 2450 consenserunt
732 2386 761 2449 in
784 2387 892 2450 virtute
913 2387 989 2450 Jesu
1013 2385 1128 2449 Christi.

499 2683 559 2746 ΧΗ.
604 2683 692 2745 Lens
715 2683 930 2764 Ephesiorum.
976 2681 1162 2763 Martyrium
1183 2684 1315 2748 instans.

436 2800 541 2886 ⁷Soio,
565 2807 631 2888 quis
653 2806 709 2869 sim
731 2812 760 2869 et
780 2806 887 2887 quibus
906 2806 1041 2870 scribam.
1080 2805 1146 2889 Ego
1165 2806 1388 2886 condemnatus,
1411 2825 1467 2870 vos

336 2908 582 2974 misericordiam
606 2910 753 2986 assecuti3
785 2928 844 2994 ego
867 2910 1000 2991 periculo
1024 2911 1190 2990 obnoxius,
1215 2928 1271 2974 vos
1294 2911 1467 2974 confirmati.

335 3011 527 3094 ⁸'l'ransitus
544 3015 615 3078 estis
632 3034 744 3094 eorum,
762 3015 813 3095 qui
828 3016 866 3077 ita
882 3015 1104 3094 interficiuntur,
1120 3022 1153 3078 ut
1167 3013 1204 3078 ad
1218 3015 1314 3078 Deum
1330 3015 1467 3093 veniant;

329 3098 425 3182 'Pauli
441 3113 654 3202 {symmystae
669 3120 719 3201 qui
732 3119 940 3198 sanctificatus,
952 3121 1120 3202 martyrium
1132 3127 1321 3200 consecutus,
1335 3127 1364 3182 et
1376 3121 1467 3204 digne

336 3225 452 3287 beatus
468 3231 522 3303 ast,
538 3223 575 3287 ad
592 3225 677 3307 cujus
690 3224 817 3306 vestigia
830 3223 984 3306 contingat
994 3224 1063 3287 mihi
1078 3232 1109 3287 ut
1119 3224 1263 3303 inveniar,
1279 3225 1398 3306 mando
1411 3225 1467 3288 Dei

336 3327 494 3410 particeps
510 3326 559 3408 lio,
583 3327 634 3409 qui
654 3323 678 3365 ¹⁰
687 3333 747 3391 tota
763 3326 888 3408 epistola
903 3345 1018 3393 memor
1032 3331 1124 3393 vestri
1140 3338 1187 3394 est
1206 3330 1236 3392 in
1252 3329 1368 3395 Christo
1384 3331 1467 3395 lesu.

375 3516 409 3585 6)
429 3512 481 3569 cn.
499 3513 588 3582 Polyc.
607 3515 639 3568 ad
657 3515 720 3569 Phil.
740 3533 762 3567 c.
785 3514 807 3568 1.
939 3516 985 3585 10)
1003 3517 1058 3570 lion
1076 3517 1102 3570 in
1121 3521 1206 3585 omasi,
1230 3520 1277 3572 sed
1297 3521 1324 3571 ln
1342 3537 1397 3574 unc
1413 3529 1468 3573 totu

375 3602 407 3666 7)
427 3598 480 3654 cn.
498 3618 523 3671 p.
544 3602 602 3656 162.
622 3610 682 3654 nota
700 3602 726 3653 t.
921 3603 1038 3673 epistola.
1074 3603 1185 3673 lgnatius
1208 3606 1340 3659 articulum
1360 3608 1388 3668 τῇ
1407 3614 1468 3658 ante

341 3712 344 3716 ’
374 3689 407 3754 8)
427 3686 448 3741 1.
467 3705 491 3741 c.
518 3688 624 3741 anobis
642 3688 702 3756 (per
726 3704 833 3760 quorum
852 3693 892 3744 ci·
919 3688 1031 3753 ἐπιστολῇ
1052 3692 1143 3745 omisit.
1180 3695 1332 3748 mennam
1351 3691 1429 3758 (Eiul.
1447 3691 1466 3743 l.

338 3777 450 3830 vitatem
468 3777 587 3828 transitus
606 3784 646 3827 est
664 3772 695 3827 ab
714 3773 818 3828 Oriente
835 3777 891 3829 no·
920 3793 944 3844 p.
959 3777 1024 3844 395)
1042 3777 1109 3829 male
1127 3778 1267 3845 contendit,
1285 3777 1311 3827 ἓν
1328 3776 1393 3841 πάσῃ
1410 3777 1467 3827 ἔπι-

339 3866 423 3925 marn)
449 3860 601 3914 roborantur
624 3863 658 3927 ii,
684 3864 728 3931 qui
752 3864 785 3914 ob
810 3862 893 3915 lJeum
920 3863 991 3926 στολῇ
1019 3878 1070 3915 non
1100 3863 1197 3915 debere
1227 3865 1309 3916 verti:
1338 3867 1368 3917 a'n
1395 3872 1468 3917 totu

340 3948 536 4013 interficiuntur,
556 3962 578 4000 a.
597 3963 622 4017 g.
642 3946 753 4015 Paulus,
772 3949 829 4001 Act.
852 3948 892 4018 19,
920 3952 1042 4019 epistola,
1061 3958 1087 4001 et
1107 3957 1233 4015 autumat,
1251 3948 1337 4001 locum
1355 3957 1465 4001 nostrum
1553 3944 1561 3962 ⁸

341 4038 354 4089 1
376 4053 416 4106 sq.
438 4035 482 4100 20,
502 4035 534 4086 17
546 4051 594 4103 aq,
613 4043 640 4086 et
659 4051 725 4087 nunc
743 4023 801 4104 iga.
919 4035 1059 4088 sanandum
1083 4051 1141 4088 esse
1167 4037 1351 4088 erecensione
1377 4034 1467 4100 majori

330 4128 335 4136 '
376 4123 405 4190 9)
426 4121 444 4176 L
466 4138 490 4174 e.
509 4138 567 4174 eum
587 4121 611 4174 S.
624 4121 704 4173 Paulo
722 4121 814 4172 initiati
833 4123 892 4174 artis
919 4121 1112 4190 (interpolata),
1139 4137 1204 4192 quae
1223 4119 1302 4175 habet
1318 4117 1342 4179 ὃς
1360 4118 1468 4171 πάντοτε

340 4211 473 4279 mysloriis
491 4209 571 4262 (livini
588 4208 688 4261 consilli
701 4215 728 4259 el
741 4207 892 4259 christianae
919 4205 945 4256 ἓν
961 4213 1014 4264 ταῖς
1030 4205 1136 4272 δεήσεσιν
1153 4204 1228 4259 αὐτοῦ
1243 4205 1386 4274 μνημονεύει
1400 4203 1467 4271 ἡμῶν

339 4298 466 4355 veritatis.
487 4293 648 4364 GlnEplres.
663 4296 686 4362 1,
700 4294 724 4348 9.
744 4295 769 4360 3,
783 4293 808 4346 3.
826 4294 853 4360 4,
866 4293 891 4347 ll.
920 4291 1021 4364 (ὑμῶν).

1189 4468 1260 4536 11·

1380 4608 1387 4613 -
1466 4470 1596 4658 ν’
