3659 5209
646 529 748 584 INDEX
765 529 880 585 aaron
899 530 940 583 ET
959 529 1189 584 PEBSONARUll.
1414 535 1479 601 463

966 690 1032 741 bona
1046 689 1123 742 debet
1134 689 1210 741 bomo
1223 690 1333 757 operari,
1353 699 1381 742 ut
1392 690 1477 744 salvus

964 780 1007 830 fiat
1026 779 1085 830 361.
1121 780 1197 831 Varia
1222 793 1300 846 opera
1325 775 1392 830 bona
1418 779 1477 830 362.

964 865 1003 917 Ex
1025 865 1142 934 operibus
1162 865 1232 917 Deus
1258 867 1408 934 cognoscit,
1432 882 1478 918 nos

964 953 1076 1004 membra
1087 969 1144 1004 esse
1155 952 1198 1003 lilii
1208 955 1247 1004 sui
1259 954 1316 1004 156.
1342 951 1391 1016 Qui
1403 955 1477 1021 cupi-

963 1040 1055 1091 ditates
1073 1047 1185 1106 superat,
1204 1038 1270 1104 Deo,
1289 1055 1340 1090 non
1356 1043 1405 1094 sibi
1421 1045 1477 1111 ipsi,

962 1125 1070 1193 gloriam
1085 1126 1177 1178 tribuat
1192 1126 1242 1177 tot
1252 1140 1294 1195 sq.
1306 1128 1357 1180 238
1367 1146 1404 1198 sq.
1418 1130 1478 1183 373.

963 1210 1143 1280 Unusquisque
1171 1214 1308 1265 secundum
1336 1231 1384 1282 ea,
1412 1234 1478 1286 quae

964 1297 1041 1365 facit,
1070 1301 1189 1368 accipiet.
1232 1301 1257 1353 Si
1284 1301 1358 1354 fuerit
1386 1304 1477 1370 bonus,
1511 1323 1513 1327 ’

603 1378 648 1428 θ.
962 1385 1065 1439 bonitas
1087 1403 1144 1438 enm
1164 1389 1302 1454 antecedit,
1321 1391 1342 1441 si
1360 1406 1477 1460 nequam,

348 1476 557 1530 ohedientia
581 1465 680 1528 Enoebi
703 1477 753 1540 663
781 1476 899 1530 Abrahae
961 1489 1061 1527 merces
1086 1475 1217 1543 nequitiae
1241 1492 1298 1527 anm
1321 1480 1434 1546 sequitur
1452 1481 1477 1531 7.

383 1568 461 1627 itta.;
480 1580 564 1615 rerum
585 1572 726 1616 creatarum
745 1566 787 1618 82.
962 1559 988 1611 Si
1010 1562 1066 1629 quis
1090 1564 1161 1629 cupit
1185 1565 1322 1631 pertenire
1347 1563 1379 1615 ad
1398 1580 1477 1633 prae-

348 1651 552 1704 Oblationes
571 1666 622 1702 non
640 1651 898 1704 inomnilocoolie-
961 1650 1057 1700 linitum
1087 1648 1189 1713 locum,
1219 1651 1271 1702 suis
1302 1651 1422 1720 operibus
1452 1651 1478 1704 id

383 1747 487 1804 rantur,
515 1739 560 1790 sed
588 1738 774 1805 Hierosolymis
803 1747 898 1791 tanturn
963 1737 1083 1805 consequi
1101 1736 1204 1788 studeat
1225 1738 1268 1788 lt.

384 1824 443 1877 108.
480 1822 626 1877 Oblationes
652 1841 684 1878 an
710 1826 824 1878 maculae
851 1842 898 1878 ex·
928 1821 1035 1890 Opera
1078 1825 1379 1892 supererogatoria
1416 1825 1475 1876 384.

383 1919 472 1979 pertas
487 1921 580 1977 essent,
598 1913 624 1963 in
638 1915 719 1966 veteri
732 1913 790 1982 lege
803 1929 898 1965 summa
962 1908 1014 1960 cn.
1035 1912 1195 1978 cantitatos,
1216 1913 1372 1982 Jajnnium,
1392 1916 1476 1967 lano-⁴

383 1999 512 2067 diligentia
531 1999 711 2066 explorabatur
732 2003 793 2053 ibid.
963 1999 1058 2049 centia.
1162 2018 1164 2023 ’

348 2083 503 2138 Oceanus
517 2085 726 2154 dispositionibus
740 2084 787 2137 liei
800 2085 899 2154 guber·
928 2079 1055 2133 Oratio.
1078 2081 1188 2149 Assidue
1203 2092 1228 2135 et
1240 2087 1296 2139 sine
1309 2086 1476 2139 haesitatione

388 707 440 744 non
458 689 589 744 iterandae
608 699 667 743 sunt
684 690 794 761 conjuga
809 708 902 759 super·

388 783 447 834 stite
477 779 528 831 319
553 796 591 848 sq.
634 779 743 846 Nuptiae
775 779 901 838 secundae

386 875 445 920 sunt
465 866 549 919 licitae
571 866 637 930 3523
665 866 710 916 sed
736 867 778 933 qui
801 882 849 933 per
872 882 901 916 se

386 956 523 1019 manserit,
554 969 671 1021 magnum
698 952 747 1003 sibi
778 954 901 1020 conquirit

385 1041 510 1093 honorem
528 1041 596 1107 apud
615 1040 749 1092 Dominum·
766 1043 829 1094 idid.

347 1128 555 1180 Numismata
575 1127 635 1192 duo,
658 1127 763 1179 alterum
782 1123 840 1192 Dei,
859 1127 899 1178 al-

385 1225 468 1268 terum
487 1216 575 1267 mundi
593 1214 650 1266 176.

382 2178 457 2223 natur
482 2172 524 2225 82.
562 2172 646 2227 blundi
673 2182 742 2228 trans
769 2172 899 2226 Oceanum

382 2263 444 2313 idid.

345 2345 539 2413 Onesimus,
567 2347 736 2415 Ephesiorum
764 2348 899 2415 episeopus

385 2434 444 2484 153.
466 2435 524 2486 157.

346 2518 468 2588 Opera.
501 2520 645 2588 Operibus‚'
655 2536 705 2572 non
721 2520 808 2572 verbis
819 2521 898 2586 justi·

385 2609 490 2662 beamur
516 2608 558 2662 96.
602 2609 658 2660 Non
684 2624 732 2676 per
758 2623 805 2660 nos
832 2609 899 2676 ipsos

382 2695 564 2761 justificamur,
583 2710 667 2763 neque
686 2710 732 2762 per
751 2697 899 2762 sapientiam

384 2781 748 2850 nostramautintelligentiam
757 2789 801 2833 aut
810 2798 899 2848 opera,

385 2884 452 2936 quae
480 2870 504 2919 in
532 2868 615 2920 cordis
641 2869 775 2921 sanctitate
802 2871 900 2935 operati

384 2971 487 3019 sumus,
512 2955 558 3006 sed
578 2971 624 3022 per
642 2955 735 3020 fidem,
759 2971 898 3023 perquam

383 3042 543 3108 omnipotens
564 3039 633 3092 Dens
656 3041 687 3093 ab
714 3043 785 3092 initio
811 3057 899 3093 omnes

381 3127 530 3195 justificavit
556 3130 618 3182 ibid
654 3128 704 3181 Sed
732 3145 781 3183 non
810 3146 899 3182 cessa-

384 3217 467 3267 bimus
478 3213 574 3267 abonis
585 3217 707 3283 operibus
718 3220 777 3271 ibid
807 3215 899 3268 Omnes

381 3303 445 3369 justi
465 3301 539 3354 bonis
558 3303 677 3369 operibus
697 3306 778 3356 ornati
799 3304 900 3356 fuerunt

384 3390 427 3440 98.
476 3388 600 3441 Dominus
629 3390 683 3457 ipsa
714 3393 834 3459 operibus
870 3408 899 3442 se

384 3477 464 3542 ipsum
493 3491 601 3542 ornans,
632 3480 736 3546 gavisus
767 3487 807 3530 est
836 3482 897 3534 itta.

384 3562 455 3615 Totis
473 3566 565 3615 nostris
584 3564 679 3617 viribus
700 3581 763 3634 opus
785 3565 898 3632 justitiae

384 3665 520 3717 operemur
537 3653 598 3703 idid.
634 3649 673 3702 Ne
691 3668 785 3720 segnes
805 3662 831 3705 et
849 3653 898 3704 de-

384 3736 452 3788 sides
471 3737 546 3787 simus
571 3735 604 3785 ad
626 3750 701 3789 omne
719 3751 784 3805 opus
804 3737 898 3789 bonum

382 3825 445 3877 itta.
482 3819 553 3870 beati
581 3836 681 3887 sumus,
711 3824 733 3873 si
761 3833 897 3891 praecepta

383 3909 483 3962 Domini
503 3909 528 3958 in
547 3906 674 3976 charitatis
695 3908 829 3959 concordia
847 3910 897 3961 im-

384 3996 548 4064 pleverimus,
567 4001 594 4045 ut
612 4009 658 4062 per
671 3992 818 4047 charitatem
831 4010 897 4063 pec-

384 4091 439 4134 cata
459 4089 544 4133 nostra
561 4081 636 4132 nobis
660 4081 819 4132 remittantur
839 4081 896 4133 122.

384 4169 411 4221 ln
431 4169 551 4236 operibus
570 4168 704 4220 Dominum
722 4168 897 4232 confiteamur,

384 4272 435 4309 non
461 4257 548 4309 verbis
574 4255 632 4308 138.
675 4254 759 4324 Opera
785 4245 897 4306 fidelium

384 4352 444 4398 sunt
465 4358 552 4397 eorum
577 4343 774 4414 repastinato.
812 4339 897 4411 Opera

961 2168 1084 2222 orandum
1103 2178 1143 2221 est
1161 2171 1211 2222 362
1230 2189 1267 2240 sq.
1305 2170 1427 2239 Oramus,
1449 2182 1477 2225 ut

963 2255 1033 2308 Dens
1058 2272 1117 2326 erga
1143 2274 1189 2311 nos
1214 2260 1324 2326 propitio
1343 2261 1426 2312 animo
1444 2262 1477 2311 sit

963 2346 1005 2397 54.
1042 2344 1218 2396 lndesinenter
1236 2361 1337 2396 oremus
1356 2361 1401 2412 pro
1421 2345 1476 2397 aliis

963 2430 1109 2484 hominibus
1127 2431 1184 2483 160.
1215 2430 1265 2482 Diu
1278 2440 1406 2500 noctuque
1419 2432 1475 2484 sol-

963 2521 1024 2572 liciti
1049 2521 1125 2572 simus
1151 2533 1196 2585 pro
1219 2520 1336 2570 universa
1355 2518 1475 2570 fraterni·

962 2616 1015 2659 tate
1034 2608 1077 2659 54.
1113 2605 1138 2657 S.
1158 2605 1270 2674 lgnatius
1291 2621 1338 2672 pro
1359 2605 1475 2658 ecclesiis

962 2702 988 2745 et
1008 2694 1127 2746 iratribus
1144 2701 1264 2760 precatus
1283 2702 1322 2744 est
1339 2694 1399 2744 252.
1427 2694 1475 2744 Vi·

962 2779 1027 2830 duae
1046 2780 1100 2831 sina
1113 2780 1299 2831 intermissione
1312 2781 1477 2848 interpellent

961 2882 1009 2934 pro
1028 2866 1143 2918 omnibus
1158 2866 1217 2918 260,
1248 2865 1347 2933 Pauper
1359 2875 1416 2918 oret
1428 2883 1475 2936 pro

962 2956 1054 3019 divite,
1081 2962 1107 3005 et
1133 2953 1205 3006 dives
1229 2961 1341 3021 praestet
1359 2957 1475 3022 pauperi,

962 3058 1027 3109 quae
1052 3042 1086 3094 illi
1112 3050 1176 3110 npu's
1197 3049 1254 3093 sunt
1272 3041 1332 3092 379.
1368 3041 1395 3092 st
1412 3051 1478 3109 pre-'

962 3131 1029 3180 catio
1056 3130 1130 3181 unius
1157 3138 1234 3198 atque
1263 3127 1367 3180 alterius
1393 3137 1475 3180 tantas
1501 3125 1503 3128 ’

960 3217 1030 3267 vires
1041 3216 1127 3282 habet,
1141 3224 1236 3285 quanto
1249 3217 1327 3284 magis
1339 3215 1392 3281 illa,
1409 3232 1475 3285 quae

962 3304 1077 3372 episcopi
1095 3312 1133 3355 est
1147 3312 1172 3356 et
1184 3305 1260 3355 totius
1274 3301 1401 3354 ecclesiae
1419 3303 1474 3355 156.

961 3388 1035 3440 Vires
1061 3391 1182 3442 orationis
1209 3390 1260 3442 363
1279 3408 1317 3459 sq.
1355 3388 1475 3442 Oratione

960 3483 1066 3543 peccata
1090 3485 1210 3528 sanantur
1234 3476 1292 3529 323.
1331 3475 1408 3529 Orate
1427 3493 1474 3544 pro

960 3563 1065 3630 regibus
1089 3572 1116 3616 et
1137 3564 1305 3632 potestatibus
1330 3570 1356 3613 et
1377 3564 1474 3630 prinei·

961 3650 1034 3716 pibus
1053 3650 1120 3715 2713
1139 3667 1186 3719 pro
1205 3652 1311 3703 inimicis
1328 3654 1405 3714 tttd.;
1427 3661 1474 3717 pro

961 3736 1078 3789 omnibus
1102 3741 1194 3791 sanctis
1220 3741 1282 3792 thid.
1318 3736 1404 3789 Tristis
1423 3734 1473 3787 bo-

960 3826 1033 3877 minis
1061 3827 1140 3878 oratio
1165 3813 1283 3878 uirtutem
1310 3841 1361 3876 non
1387 3823 1474 3888 habet,
1530 3875 1534 3886 ⁸

961 3920 988 3962 nt
1017 3913 1049 3963 ad
1079 3912 1158 3963 altare
1188 3912 1235 3963 Oai
1265 3910 1385 3962 ascendat
1414 3909 1473 3961 369.

961 3996 1048 4050 Oratio
1058 3998 1205 4051 bumilitate
1223 4007 1284 4067 eget
1295 3995 1354 4048 310.
1386 3995 1473 4048 Oratio

961 4093 987 4136 et
1000 4084 1125 4152 jejunium
1144 4085 1328 4154 conjungantur
1340 4085 1400 4136 aot.
1413 4083 1472 4136 340.

959 4170 1016 4223 lion
1034 4172 1142 4225 accedas
1161 4173 1193 4224 ad
1211 4174 1352 4225 orationem
1367 4181 1435 4224 tuam
1448 4173 1472 4222 in

960 4258 1117 4309 conscientia
1135 4259 1202 4312 mals
1220 4259 1262 4312 18.
1294 4258 1405 4314 Genibus
1421 4272 1471 4327 po·

959 4342 1014 4395 sitis
1032 4357 1105 4397 orare
1124 4344 1184 4400 330.
