3659 5209
430 541 495 609 386
644 534 782 593 unauna
800 533 935 590 PASTOR.
971 532 1069 587 tisun
1088 533 1130 587 lll.
1165 531 1295 587 SllllllT.
1314 532 1346 584 V.

431 699 513 766 ades.
557 699 630 765 Nam
654 699 680 765 si
702 699 767 783 siue
790 705 819 762 te
843 704 877 762 ca
901 697 1035 763 viderem
1058 695 1106 760 vel
1131 696 1277 777 audirem,
1307 704 1383 761 tunc
1407 695 1552 760 Dominum

430 824 579 889 rogarem,
603 813 633 869 ut
657 805 831 869 ostenderet
854 804 952 867 mihi.“

517 911 550 971 V.
596 910 633 972 Et
653 909 825 991 respondit:
862 907 1041 988 ¹„dixeram
1064 909 1114 970 tibi
1138 905 1226 988 paulo
1252 908 1341 986 ante,
1373 906 1509 971 callidum
1530 914 1554 968 te

431 1033 500 1077 esse
523 1022 553 1076 et
574 1014 733 1090 audacem,
762 1015 811 1095 qui
835 1004 999 1076 solutiones
1023 1013 1242 1075 similitudinum
1270 1014 1459 1096 interrogas.
1503 1010 1555 1074 Sed

430 1120 499 1200 quia
522 1119 561 1182 ita
584 1138 617 1182 es
640 1116 811 1200 ²pertinax,
834 1118 1021 1181 solvamtibi
1045 1119 1130 1196 hanc,
1155 1136 1240 1198 quam
1259 1117 1434 1196 desideras,
1459 1116 1555 1178 simili·

430 1222 577 1302 tudinem,
599 1230 633 1286 ut
656 1225 790 1286 omnibus
814 1230 914 1285 nutam
937 1222 1029 1286 iacias
1053 1243 1126 1286 eam.
1172 1223 1251 1290 Audi
1275 1241 1378 1301 nune,
1407 1224 1511 1304 inquit,
1532 1229 1556 1284 et

429 1322 551 1409 percipe
574 1330 680 1392 animo.
727 1314 866 1410 ³0rlrem
889 1328 1035 1393 terrarum
1059 1326 1168 1390 fundus
1191 1327 1241 1415 ille
1265 1327 1440 1410 significat,
1465 1327 1555 1409 quiin

465 1499 493 1568 1)
511 1499 577 1552 Vide
596 1517 650 1568 cap.
669 1499 787 1553 anteced.
1004 1509 1090 1569 putet,
1108 1474 1199 1552 Filiam
1211 1499 1261 1553 Dei
1274 1500 1318 1552 hic
1337 1504 1469 1573 postponi
1486 1499 1555 1568 Spiri-

464 1586 552 1659 2)·De
577 1589 716 1655 pertinacia
740 1589 765 1638 in
790 1587 902 1656 petendo
931 1587 977 1639 cir.
1006 1589 1041 1639 tui
1070 1595 1159 1651 sancto
1187 1595 1212 1638 et
1237 1586 1375 1645 ,declarari
1406 1586 1553 1639 inferiorem.
1600 1621 1601 1624 ,

428 1673 488 1728 Lac.
510 1674 552 1738 11,
569 1673 596 1725 8.
1005 1671 1075 1724 llaec
1093 1674 1203 1740 suspicio
1221 1672 1340 1739 tollitur,
1368 1676 1390 1725 si
1418 1674 1478 1726 illos
1496 1673 1555 1725 loros

465 1761 494 1828 3)
520 1761 595 1824 Quod
619 1776 685 1812 nunc
709 1762 837 1828 sequitur,
865 1771 915 1814 est.
930 1778 978 1813 ex·
1006 1761 1144 1826 respicias,
1173 1760 1212 1811 iu'
1227 1760 1320 1828 quibus
1354 1761 1389 1813 de
1422 1759 1491 1812 Filio
1518 1759 1555 1810 llei

429 1836 541 1916 planatio
565 1850 672 1916 mystici
696 1863 784 1898 seusus
810 1848 978 1900 similitudinis
1005 1847 1145 1898 secundnm
1163 1857 1298 1900 astantem
1318 1847 1378 1913 ejus
1395 1849 1555 1910 existentiam,

429 1935 512 1999 illius,
537 1950 611 2003 quam
629 1950 703 2001 supra
723 1935 806 2000 capite
826 1935 841 1984 2
861 1934 976 2005 legimus.
1005 1932 1022 1982 i.
1036 1947 1059 1983 e.
1078 1932 1111 1984 de
1128 1930 1206 1998 Λόγῳ
1225 1932 1376 1999 disseritur,
1398 1951 1425 1986 e.
1442 1951 1469 2004 g.
1489 1933 1554 1986 struit.

429 2025 562 2075 Domitius
585 2020 664 2090 serrati
690 2027 729 2071 est
755 2042 791 2067 =
819 2026 908 2088 Deus,
936 2025 977 2090 qui
1005 2017 1055 2083 tx,
1072 2018 1116 2070 12:
1144 2018 1245 2084 „Filius
1267 2018 1329 2077 liei¹
1347 2016 1422 2073 omni
1450 2029 1555 2073 creatura

430 2108 514 2159 omnia
533 2110 641 2169 creavit3
664 2124 777 2175 amous,
798 2122 873 2175 quem
892 2110 917 2159 iu
936 2110 977 2159 vi·
1005 2105 1131 2173 antiquior
1149 2114 1203 2171 est,
1223 2106 1256 2157 ita
1275 2114 1304 2156 ut
1323 2107 1349 2158 in
1368 2109 1485 2161 consilio
1501 2106 1556 2158 Patri

429 2210 503 2245 neum
522 2210 591 2245 auam
610 2193 692 2258 misit,
711 2195 977 2248 astutttesuatte.
1005 2206 1051 2251 suo
1076 2191 1185 2245 adiuerit
1208 2193 1241 2244 ad
1266 2193 1439 2246 condendam
1465 2203 1555 2247 creata·

430 2266 543 2333 Christus
556 2284 579 2332 in
592 2281 666 2332 terris
679 2296 803 2348 apparens
814 2282 859 2346 (de
872 2288 977 2331 aeterna
1005 2276 1089 2354 ram,“
1116 2287 1143 2330 et
1161 2266 1228 2331 ibid.
1243 2295 1266 2330 c.
1287 2281 1337 2330 tt:
1366 2298 1492 2347 „nomen
1509 2281 1556 2333 Filii

430 2364 635 2418 existentiaFilii
650 2366 750 2419 Dei:
769 2369 814 2416 τοῦ
830 2364 919 2434 Λόγου
936 2366 977 2417 lric
1005 2365 1054 2417 oet
1078 2380 1196 2434 magnum
1221 2354 1433 2422 et'immensum
1459 2377 1512 2435 est,
1538 2375 1558 2419 et

429 2462 529 2506 nonest
543 2454 649 2522 sermo).
674 2453 779 2506 Servum
791 2454 860 2506 illum
873 2461 978 2521 propter
1006 2462 1072 2505 totus
1098 2452 1129 2504 ab
1157 2467 1188 2504 eo
1215 2462 1377 2529 sustentatur
1407 2457 1512 2522 orbis“‚
1538 2463 1558 2506 et

429 2539 532 2592 labores
548 2556 610 2592 suos
624 2540 744 2593 Dominus
763 2541 832 2593 lundi
849 2530 977 2605 aratiam,
1006 2540 1074 2591 Visio
1091 2539 1121 2593 ll.
1141 2541 1168 2590 2:
1199 2539 1326 2615 „iuravit
1345 2545 1421 2595 enim
1446 2545 1558 2596 Dominus

429 2628 446 2678 i.
464 2642 486 2677 e.
506 2636 610 2693 peracto
629 2644 707 2695 opere
727 2629 908 2699 redemptionis
927 2627 977 2678 ho·
1005 2625 1153 2695 perFilium
1171 2643 1241 2694 sunm
1260 2630 1329 2680 etc.“
1357 2624 1446 2682 'Plura
1465 2631 1497 2681 ad
1517 2647 1557 2682 er·

429 2713 521 2764 minum
535 2711 644 2766 Christus
659 2717 733 2766 etiam
748 2717 832 2784 quoad
846 2715 977 2767 humanam
1005 2712 1153 2783 planandam
1189 2712 1300 2765 llsrmae
1340 2713 1506 2787 theologiam
1539 2723 1559 2767 ct

430 2815 500 2851 suam
518 2808 632 2852 naturam
645 2818 659 2853 a
671 2801 746 2855 Patre
763 2819 861 2858 summo
880 2784 977 2853 hon'o'r'e
1005 2788 1198 2868 Chrismloqium
1215 2799 1280 2851 intra
1300 2801 1327 2851 in
1344 2804 1422 2855 notis
1442 2803 1476 2856 ad
1493 2810 1559 2870 capnt

430 2886 593 2940 affectarest.
619 2887 647 2939 In
661 2889 919 2942 similitudineautem
935 2888 977 2940 illa
1004 2900 1114 2954 sequeus
1149 2874 1395 2940 demonstrabimus.
1429 2919 1465 2929 -
1502 2888 1559 2942 ott·

430 2972 695 3039 praeter'ltaminum
721 2983 748 3026 et
770 2993 878 3048 seruum
902 2977 977 3046 etiam
1005 2991 1061 3026 cum
1079 2971 1186 3037 Grotio,
1201 2971 1290 3039 Bullo,
1306 2964 1424 3044 lttigio,
1452 2976 1558 3029 idolulero

430 3058 463 3110 de
489 3061 537 3111 alia
562 3061 668 3130 quadam
696 3076 805 3129 persona
828 3062 859 3113 ¹tit
884 3078 977 3126 sermo,
1006 3060 1138 3128 (Athamas.
1157 3057 1222 3111 Τ.-Ι.
1242 3075 1267 3128 p.
1287 3059 1353 3128 17),
1375 3061 1557 3133 Baunrqarten·

431 3162 494 3214 quae
513 3149 657 3201 nominatur
669 3150 757 3213 Eilius
776 3155 801 3198 et
819 3153 920 3203 deeras.
950 3148 978 3199 ln
1006 3145 1094 3199 Clusio
1119 3143 1264 3213 (Lehrbuch
1283 3145 1330 3198 der
1350 3147 1557 3220 Dogmengeselr.

431 3233 598 3300 explicatione
616 3231 785 3285 similitudinis
803 3233 845 3311 hie
857 3234 935 3287 Filius
953 3244 979 3286 et
1005 3231 1032 3284 T.
1042 3232 1072 3284 ll.
1082 3250 1108 3300 p.
1118 3232 1207 3301 1052),
1219 3230 1384 3286 Jaclrmanno
1399 3237 1430 3302 (l.
1442 3255 1464 3290 c.
1474 3255 1500 3306 p.
1511 3237 1557 3299 tu),

418 3317 521 3370 'haeres
539 3321 700 3385 summopere
719 3319 868 3374 discernitur
886 3338 899 3373 a
914 3321 986 3373 Filio.
1006 3316 1195 3385 Schliemanuo''
1211 3318 1265 3385 (dis
1297 3317 1488 3376 Clementinen
1517 3331 1556 3375 ete

431 3406 481 3457 Dei
500 3407 530 3473 (i.
545 3421 568 3456 e.
583 3403 697 3469 Christo,
715 3409 818 3472 servo),
838 3417 864 3459 et
875 3416 980 3460 vocatur
1006 3423 1031 3474 p.
1042 3406 1107 3475 123)
1125 3414 1152 3457 et
1168 3405 1223 3457 allis
1235 3404 1282 3457 tub
1295 3408 1434 3462 vocabulo
1445 3414 1556 3478 Spernat

431 3493 474 3553 ille
490 3495 613 3560 Spiritus
630 3503 749 3546 sacretur.
779 3493 918 3546 Praesente
930 3494 979 3547 hoc
1006 3497 1093 3547 sanati
1115 3490 1306 3568 intelligendam
1331 3509 1396 3548 esse
1423 3499 1555 3565 putavimus

432 3579 526 3646 Spiritu
545 3585 633 3628 sancto
644 3586 675 3641 ¹et
693 3581 870 3644 praesentibus
883 3581 980 3649 angelis
1006 3581 1168 3633 divinitatem
1187 3581 1303 3644 Christi,
1320 3577 1379 3630 ..τόν
1396 3582 1499 3651 Λόγον,
1521 3581 1555 3651 qui

432 3680 522 3717 servus
547 3662 590 3713 ille
609 3660 719 3714 Christus
746 3681 760 3715 a
779 3665 886 3717 Domino
907 3668 980 3719 exal·
1007 3654 1033 3717 et
1052 3664 1114 3716 alias
1133 3674 1156 3716 e.
1175 3680 1199 3732 g.
1218 3680 1232 3715 a
1251 3650 1415 3720 Tertulliano
1435 3670 1484 3737 (de
1501 3675 1554 3722 erat

432 3759 500 3819 tatur
512 3756 537 3799 et
550 3748 675 3800 cohaeres
689 3748 838 3817 declaratur,
857 3754 980 3806 cohaeres
1007 3768 1030 3802 c.
1047 3751 1073 3815 1)
1092 3750 1123 3802 ab
1135 3750 1272 3818 Hippolyto
1284 3751 1360 3818 (adv.
1374 3754 1486 3809 Noenum
1499 3772 1519 3808 c.
1531 3755 1555 3822 1)

432 3837 531 3904 spiritui
543 3843 641 3899 sancto,
655 3836 671 3886 i.
685 3851 708 3886 e.
722 3833 835 3891 Christus
847 3842 981 3892 assumitur
1007 3845 1033 3889 et
1051 3855 1065 3890 a
1079 3835 1220 3904 Theophila
1233 3837 1402 3894 Antiocheno
1421 3843 1470 3912 (ad
1481 3847 1554 3895 Anto·

433 3925 459 3974 in
487 3921 574 3973 coelos
605 3929 640 3999 et
661 3914 775 3975 humana'
795 3930 897 3993 quoqne
926 3925 981 3992 ejus
1003 3925 1057 3996 lyc.
1075 3924 1119 3977 lib.
1136 3922 1209 3976 ch.
1228 3923 1275 3988 10)
1300 3924 1415 3994 Spiritus
1439 3929 1489 3980 Dei
1511 3943 1554 3980 vo·

434 4017 523 4060 natura
541 4008 655 4072 (servus)
674 4008 749 4059 divini
765 4009 981 4078 honoristitpar-
1008 4020 1086 4065 catur.
1129 4008 1207 4061 Simili
1237 4011 1316 4065 modo
1348 4012 1386 4068 Β.·
1410 4015 1502 4068 Paulus
1527 4013 1553 4066 ad

433 4097 523 4161 ticeps.
543 4122 578 4130 —
595 4091 633 4143 Ex
658 4095 732 4146 dictis
757 4105 876 4163 apparet,
904 4097 981 4148 valde
1007 4097 1079 4148 Rom.
1100 4095 1124 4161 l,
1142 4095 1228 4148 uero
1245 4096 1385 4167 distinguit
1401 4090 1553 4159 interduct-

436 4197 523 4232 omues
544 4196 643 4246 errare,
661 4183 703 4249 qui
721 4182 980 4249 contenderevelint,
1006 4193 1072 4238 stum
1106 4181 1170 4234 sarai
1203 4178 1279 4252 adasa
1308 4191 1338 4235 et
1354 4166 1435 4237 ¹asernai
1469 4191 1553 4252 πνεῦμα

347 4310 353 4319 .
422 4260 536 4321 'nstrum
554 4272 603 4322 Dei
620 4275 646 4320 et
664 4271 796 4337 Spiritum
813 4280 937 4324 sanetum
949 4271 980 4322 ab
1007 4268 1139 4338 dymairpe
1167 4268 1215 4321 llls
1231 4267 1248 4318 δ
1264 4268 1328 4320 uerri
1344 4271 1485 4342 ,eriperem
1500 4274 1553 4327 filim

300 4512 347 4658 t

436 4353 529 4406 llerma
543 4354 675 4415 'coniurasti
688 4386 721 4394 —
734 4355 785 4409 Sed
803 4356 911 4439 fortasse
926 4357 981 4426 quis
1007 4356 1130 4422 hominis,
1147 4354 1190 4412 tic
1207 4352 1224 4407 ὅ
1239 4354 1304 4410 anai
1320 4363 1426 4428 πνεῦμα
1443 4383 1479 4415 =
1496 4361 1553 4416 diri·
