3659 5209
470 546 593 603 ronam
609 538 768 604 ansrom
787 547 833 601 aa
852 510 1056 604 snunuauos.
1074 540 1117 605 111.
1134 550 1177 605 ιν.
1194 546 1225 606 u.
1344 518 1408 622 2'25

283 711 365 787 dete,
384 709 469 790 quod
482 729 548 773 non
562 704 622 781 sini
638 710 832 773 doemonium
847 711 1068 792 incorporale·
1078 713 1126 776 vla
1141 712 1298 776 confestim
1314 716 1410 797 ipsum

282 815 450 897 tetigerunt
461 821 491 876 et
502 815 703 894 crediderunt,
724 800 893 880 ¹commixti
909 835 1000 880 carne
1015 820 1080 902 ejus
1098 824 1126 879 et
1138 819 1251 900 spiritu.
1284 819 1411 902 Propter

235 926 238 937 ·
282 919 342 982 hoc
365 920 452 982 etiam
477 924 614 1009 moriem,
626 926 858 1005 contemserunt,
882 927 912 985 et
935 921 1038 984 mortis
1057 927 1126 984 sunt
1141 922 1254 984 inventi
1269 923 1410 986 victores.

235 1006 242 1047 ¹
284 1022 380 1087 'Post
402 1026 655 1087 resurrectionem
678 1031 776 1087 autem
800 1042 865 1086 cum
888 1024 953 1086 illis.
970 1023 1098 1086 eomedit
1121 1031 1152 1088 et
1174 1025 1262 1112 bibit,
1284 1035 1317 1089 ut
1338 1046 1411 1090 car·

284 1129 370 1208 nalis,
395 1131 531 1211 quamvis
554 1128 745 1211 spiritualiter
766 1130 866 1193 uultus
889 1134 971 1193 esset
993 1128 1080 1192 Patri.

235 1288 250 1349 ἡ
284 1324 332 1387 lV.
374 1321 489 1386 Cavete
503 1320 593 1385 uobis
610 1321 650 1384 ad
665 1321 834 1384 haereticis
850 1320 929 1384 istis.
962 1321 1034 1383 Nisi
1052 1321 1196 1384 Christos
1211 1341 1282 1386 aere
1294 1326 1413 1403 pessos

647 1435 741 1504 esset,
762 1444 819 1489 nee
842 1445 897 1507 epo
917 1435 1053 1506 paterer.

235 1536 254 1577 ²¹
373 1546 488 1628 Dahis
511 1554 608 1611 autem
632 1535 778 1612 admoneo
802 1567 868 1628 vos,
892 1549 1075 1628 charissimi,
1099 1549 1232 1630 qrramvis
1254 1560 1311 1613 vos
1334 1550 1412 1613 idem

235 1622 254 1743 i,
285 1657 400 1722 sentire
416 1656 517 1718 sciam.
555 1653 614 1718 Sed
630 1655 803 1735 praemunio
820 1672 875 1717 vos
898 1660 1001 1717 contra
1025 1650 1139 1733 ³ieras,
1161 1653 1286 1716 humana
1310 1656 1412 1736 specie

235 1746 252 1813 Ρ
283 1761 420 1839 indutas,
450 1777 524 1841 quas
555 1777 615 1822 non
645 1760 741 1822 solum
773 1764 892 1841 oportet
919 1776 974 1822 ros
1004 1777 1066 1823 non
1092 1744 1251 1840 recipere,
1282 1761 1355 1839 scd,
1387 1760 1413 1823 si
1476 1804 1478 1807 -

235 1854 250 1899 ¹
283 1866 430 1951 possibile
446 1871 509 1944 est,
533 1882 631 1946 neque
655 1866 771 1928 obviam
795 1865 838 1926 eis
862 1862 938 1942 lieri,
961 1864 1057 1926 solum
1078 1880 1151 1925 vero
1172 1865 1291 1946 procis
1314 1884 1413 1945 orare,

284 1990 358 2034 num
381 1969 508 2050 aliquam
532 1970 741 2051 poenitentiam
771 1977 878 2051 agant,
908 1969 989 2049 quod
1020 1968 1176 2030 admodum
1208 1970 1328 2034 dillicilc
1358 1978 1413 2035 est.

235 2068 243 2105 '
284 2076 384 2158 Hujus
407 2082 503 2138 autem
528 2056 704 2156 potestatem
727 2073 816 2134 habet
838 2072 937 2135 iesus.
952 2072 1097 2153 Christus,
1119 2075 1169 2155 qui
1192 2093 1264 2136 vera
1287 2081 1332 2137 est
1354 2078 1414 2139 vita

235 2170 238 2195 ³
283 2159 399 2245 nostra.
446 2175 506 2243 ¹¹Si
539 2185 637 2240 autern
670 2174 768 2241 ⁵illud
799 2177 836 2239 ad
867 2179 1068 2259 apparentiam
1096 2184 1208 2241 tantum
1238 2197 1256 2241 a
1285 2180 1415 2245 Domino

235 2290 237 2297 ’
285 2293 396 2349 nostro
420 2289 572 2369 peractum
595 2288 650 2361 est,
673 2290 785 2365 elego
808 2281 845 2344 ad
862 2283 1062 2365 apparentiam
1079 2289 1188 2345 tantum
1206 2286 1414 2346 vinctus-sum.

286 2390 352 2454 Cur
375 2408 449 2452 vero
475 2395 505 2450 et
527 2385 698 2468 “meipsum
721 2386 827 2450 tradidi
857 2388 961 2466 morti,
992 2388 1028 2450 ad
1061 2389 1178 2470 ignem,
1208 2387 1245 2449 ad
1275 2387 1414 2473 gladium,

286 2483 329 2560 ad
351 2494 488 2582 bestias?
532 2487 675 2581 ⁷Verum,
699 2492 749 2573 qui
771 2509 867 2573 prope
889 2490 1029 2573 gladium,
1051 2511 1146 2574 prope
1168 2493 1262 2555 Deum
1286 2499 1342 2570 est,
1365 2492 1416 2573 qui

285 2619 359 2664 eum
382 2599 494 2679 bestiis,
518 2616 584 2660 cum
600 2593 665 2659 Deo
689 2602 753 2673 est3
777 2596 936 2660 dummodo
959 2597 997 2658 sit
1018 2598 1049 2659 in
1073 2598 1193 2661 nomine
1208 2597 1415 2663 Jesuotnisrt

285 2701 358 2768 ⁸Ut
380 2704 467 2767 simul
490 2721 555 2765 cum
578 2702 628 2765 illo
651 2701 762 2782 patiar,
787 2703 883 2767 omnia
907 2702 1059 2781 sustineo,
1080 2702 1148 2784 ipso
1171 2703 1334 2767 roborante
1356 2720 1415 2782 me,

287 2809 345 2891 qui
368 2807 520 2892 perfectus
541 2810 632 2871 homo
655 2805 749 2900 iaetus
772 2813 826 2872 est.
1209 2802 1212 2807 ’
1363 2808 1365 2813 ’

544 3001 577 3063 V.
623 2999 797 3062 Periculum
822 2999 943 3061 erroris
965 3000 1165 3064 Doeeturarn.
1283 3017 1286 3022 ’

337 3164 353 3217 ¹-
381 3123 456 3187 Eum
487 3124 567 3187 stulti
597 3122 714 3205 quidam
744 3122 910 3203 abnegant,
940 3122 1040 3202 potius
1067 3127 1165 3209 aulem
1197 3122 1233 3185 ab
1264 3141 1302 3186 eo
1331 3119 1418 3186 ⁹ab·

288 3235 460 3313 negantur,
494 3229 612 3312 patroni
644 3228 746 3291 mortis
777 3226 889 3309 magis,
923 3244 1009 3308 quam
1038 3225 1188 3304 veritatis3
1221 3228 1418 3308 quibus-‘nec

287 3334 470 3418 prophetiae
499 3349 695 3415 persuasere,
725 3348 783 3393 neo
804 3330 898 3393 iliosis
920 3329 994 3409 lex,
1020 3329 1074 3392 sed
1096 3348 1154 3394 nec
1186 3324 1210 3368 ¹⁰
1222 3318 1417 3414 Euangeliou
1492 3403 1497 3408 ,

287 3440 338 3502 in:
363 3439 443 3502 hune
480 3455 576 3519 usque
612 3436 707 3515 diem,
744 3454 844 3518 neque
879 3439 1001 3498 nostrae
1036 3436 1220 3519 singulorum
1252 3437 1418 3518 passiones.

287 3604 414 3662 Editorcs
438 3582 526 3661 omnes
552 3615 611 3676 post
634 3607 751 3659 Vossium
777 3622 842 3659 cou-
903 3605 935 3679 7)
952 3599 1035 3674 Ἐγγῠς
1054 3634 1084 3646 -
1103 3602 1194 3679 parasii
1213 3606 1277 3656 Oroi
1302 3620 1335 3658 ex
1351 3595 1418 3674 apo·

284 3695 412 3764 jecerunt
429 3698 587 3764 κρατηθέντες
603 3715 637 3745 =
659 3698 779 3748 corruisti.
870 3692 1114 3761 omphalioctrina
1131 3695 1207 3747 Petri
1226 3700 1307 3749 sumn
1326 3691 1418 3745 viden-

329 3799 362 3862 2)
380 3799 431 3853 Cir.
451 3802 508 3851 llct.
527 3799 571 3863 10,
588 3798 630 3850 41.
671 3842 674 3847 ,
765 3784 779 3824 s
831 3810 837 3815 ·
870 3787 918 3831 lur-
954 3779 1159 3850 Heusinger-,l
1177 3793 1200 3832 c.
1220 3792 1247 3847 p.
1267 3776 1326 3832 102.

545 3868 548 3874 ’
800 3867 803 3871 ’
905 3864 1202 3933 mentionata.

765 4005 770 4016 ,
906 3951 936 4018 9)
961 3951 1032 4003 Haec
1052 3948 1243 4017 epanorthosis,
1268 3958 1295 4002 ut
1320 3951 1346 4001 in
1369 3947 1419 4019 Ep.

328 4001 842 4081 4)aaronitarnnaaaora.ual.1.
871 4038 903 4091 ad
922 4038 1009 4104 polyc·
1034 4037 1110 4090 lm·
1137 4034 1260 4104 3⁷1de
1278 4016 1312 4080 .'.
1328 4035 1422 4101 μᾶλλον

287 4096 309 4149 ¹⁶
332 4111 357 4149 ε’
375 4110 400 4163 μ’
420 4094 461 4153 5⁰¹¹
564 4146 567 4153 '
872 4124 1066 4192 ἓπεσκοπημὴῳ.
1092 4129 1185 4176 Paulas.

330 4198 362 4263 ⁵)
381 4195 421 4249 ⁵⁰·
440 4190 471 4247 ω’
488 4200 608 4247 ”MV-1
664 4253 667 4260 .
891 4212 937 4281 lo)
956 4212 1011 4264 Nou
1030 4212 1151 4278 scriptum
1176 4207 1350 4278 evangelium,
1374 4207 1421 4261 aed

330 4303 361 4366 6)
380 4300 438 4370 tq.
456 4286 574 4364 ipavro'r,
593 4309 719 4369 utraepe.
747 4297 845 4350 Clr.-ad
872 4298 1023 4367 evangelica
1058 4297 1215 4366 praedicatio
1244 4296 1290 4346 de·
1311 4295 1363 4345 rita
1394 4297 1423 4347 ei

290 4378 373 4444 Trall.
384 4404 406 4442 c.
414 4385 532 4454 uptus
541 4386 654 4440 not.2et
662 4402 689 4457 p.
698 4385 748 4440 189
757 4394 811 4440 uot.
819 4386 845 4440 4.
872 4385 945 4439 iactis
964 4382 1064 4437 Christi.
1100 4386 1253 4452 Niemeyer,
1272 4379 1290 4432 l.
1309 4396 1332 4434 c.
1351 4379 1377 4450 p.
1394 4379 1420 4432 8.

348 4493 415 4534 rann
428 4495 493 4543 aper.
509 4489 541 4532 aa.
558 4491 592 4530 ru.
1173 4468 1213 4536 15

331 3902 362 3968 a)
381 3901 432 3955 cn.
453 3901 533 3973 lgna.
553 3902 585 3955 aa
604 3879 700 3971 upari.
720 3908 746 3953 a
761 3900 786 3952 r.

1383 4498 1526 4662 'a
