3659 5209
877 550 1133 607 Pnotsoonartn.
1371 548 1567 622 [Ertsrottt

552 721 643 786 salem
662 721 725 800 jam
747 713 924 793 cecidisset,
956 715 1041 796 cnjus
1065 711 1153 779 fatale
1180 710 1328 774 excidium
1354 711 1422 775 solo
1446 711 1520 774 zelo
1544 719 1569 775 et

554 825 676 888 internis
698 821 772 884 rixis
796 812 998 882 acceleratum
1017 816 1130 895 luerat,
1163 816 1299 879 Clemens
1329 816 1399 879 illud
1423 818 1570 881 moestis·

446 962 448 966 v
553 930 658 991 simum
689 925 856 1007 exemplum
887 929 971 985 certe
1000 940 1061 984 non
1093 921 1260 999 omisisset,
1292 923 1470 1002 praesertim
1502 923 1570 1004 quia

552 1036 696 1099 Dominus
713 1039 769 1096 tam
786 1030 952 1095 luculenter
964 1036 1069 1091 cuncta
1083 1025 1283 1107 praedixerat.
1308 1024 1367 1087 Cir.
1389 1026 1570 1090 Windisolt·

552 1159 659 1217 mann,
683 1137 835 1200 Vindictae
858 1135 995 1207 Petrinae
1018 1152 1046 1214 p.
1069 1129 1121 1195 st.

492 1242 529 1326 e)
554 1244 632 1307 Ante
654 1241 813 1305 Domitiani
837 1246 989 1320 tempora,
1013 1244 1042 1300 et
1064 1235 1154 1318 paulo
1177 1241 1244 1316 post
1266 1234 1396 1298 Neronis
1418 1254 1571 1317 perseeu-

390 1425 393 1430 Ι
553 1349 663 1408 tionem
677 1340 831 1427 epistolam
844 1349 975 1405 nostram
988 1342 1126 1424 scriptam
1139 1358 1218 1418 esse,
1230 1339 1336 1407 suadet
1348 1341 1443 1404 cultus
1455 1341 1571 1406 Judaici

429 1504 432 1508 .
552 1451 673 1528 mentio,
689 1450 718 1511 in
735 1450 842 1532 templo
856 1447 1123 1529 Hierosolymilano
1136 1453 1205 1507 tuuc
1217 1442 1312 1506 adhuc
1324 1451 1420 1507 stante
1431 1448 1571 1530 vigentis.

554 1554 643 1637 Cupp.
667 1553 710 1618 to
732 1562 762 1617 et
784 1552 836 1617 dt.
881 1553 928 1616 Ad
952 1552 1154 1617 enervandum
1174 1552 1231 1614 lroc
1249 1557 1457 1633 argumentum
1474 1553 1570 1617 Land-

554 1678 646 1722 nerus
677 1665 707 1720 el
737 1659 785 1720 alii
816 1658 984 1740 exemplum
1007 1657 1099 1720 Flavii
1122 1657 1246 1737 Josephi
1276 1655 1491 1737 proterebant,
1526 1660 1571 1741 qui

443 1786 444 1790 ¹
551 1763 586 1827 Α.
611 1761 652 1828 93
675 1783 703 1846 p.
728 1764 780 1850 Ch.
804 1783 832 1826 n.
857 1762 895 1824 de
919 1762 1072 1825 sacrificiis
1096 1781 1154 1825 non
1179 1763 1265 1824 aliter
1288 1763 1461 1843 disputavit,
1489 1766 1571 1828 aeti

553 1870 691 1952 templum
714 1869 810 1932 adhuc
832 1870 996 1933 exstitisset
1013 1866 1049 1950 ¹).
1089 1868 1148 1931 Sed
1169 1886 1220 1935 res
1239 1874 1374 1948 utraque,
1397 1867 1531 1950 losephi
1546 1877 1572 1933 el

554 1974 730 2054 Clementis,
752 1974 844 2057 louge
867 1974 1016 2036 dissimilis
1039 1975 1094 2036 cst.
1138 1972 1307 2054 dosephus,
1339 1991 1446 2035 sacros
1472 1976 1572 2057 populi

553 2081 601 2143 sni
616 2082 691 2142 ritus
708 2080 903 2157 describens,¹
915 2097 971 2160 per·
987 2079 1122 2161 liguram,
1145 2078 1294 2141 historicis
1310 2096 1369 2140 non
1392 2079 1571 2159 inusitatam,

428 2233 431 2240 .
552 2185 715 2266 praesenti,
739 2185 818 2266 quod
843 2185 976 2263 dicimus,
999 2183 1142 2246 historico
1165 2185 1262 2246 ulitur.
1306 2183 1447 2247 Clemens
1464 2193 1570 2264 aulem,

402 2287 407 2297 '
432 2362 435 2366 ἵ
555 2298 585 2352 ut
609 2289 779 2352 Corinthios
804 2289 841 2350 ad
865 2288 1000 2352 ordinem
1023 2287 1202 2351 servandum
1232 2288 1376 2366 adducat,
1406 2288 1570 2353 lectoribus

554 2395 688 2459 ordinem
711 2393 826 2456 Judaici
850 2394 946 2457 cultus
969 2401 1038 2456 ante
1061 2394 1166 2456 oculos
1196 2396 1288 2475 ponit.
1334 2395 1452 2469 Quodsi
1476 2405 1570 2458 autem

484 2559 488 2563 .
554 2500 691 2580 templum
704 2502 765 2581 jam
783 2498 888 2562 luisset
903 2499 1095 2584 destructum,
1119 2500 1224 2583 tola-S.
1241 2499 1333 2560 Patris
1349 2504 1569 2581 argumentatio

553 2603 659 2666 luisset
681 2603 803 2682 inlirma,
827 2606 951 2686 ipsaque
967 2604 1156 2665 adversarios
1176 2605 1339 2680 invitasset,
1362 2610 1394 2675 ut
1416 2604 1569 2670 dicerent:

553 2727 602 2785 en,
622 2709 786 2775 'eversione
803 2708 902 2788 templi
919 2707 1178 2788 hierosolymitani
1195 2708 1276 2771 Deus
1292 2710 1357 2790 ipse
1374 2716 1504 2775 testatus
1522 2719 1570 2791 esl,

465 2870 469 2875 .
553 2813 639 2874 talem
664 2812 797 2874 ordinem
820 2806 876 2872 sihi
900 2830 960 2874 non
985 2831 1054 2874 csse
1078 2821 1256 2894 excipiatum.

530 2918 575 2981 Ex
599 2919 643 2980 his
660 2917 837 2998 colligimus,
861 2919 1015 2999 epistolam
1032 2926 1161 2982 nostram
1179 2918 1336 2980 desinente
1350 2920 1484 2985 Neronis
1502 2943 1570 3007 per·

434 3023 601 3114 secutione
632 3027 661 3082 ct
692 3028 759 3084 ante
791 3023 939 3085 excidium
971 3024 1198 3106 hierosolymae
1229 3022 1283 3105 [Α.
1308 3021 1476 3111 68-70)
1510 3049 1571 3093 esse

444 3129 593 3207 scriptam,
618 3124 646 3188 S.
672 3125 853 3193 Clementem
873 3134 974 3189 autem
997 3129 1053 3208 ipsi
1079 3129 1107 3191 S.
1131 3129 1218 3190 Petro
1241 3129 1438 3192 successisse.

531 3229 616 3302 Quae
638 3229 820 3292 aCotelerio
844 3231 969 3312 aliisque
993 3234 1181 3314 objiciuntur,
1206 3233 1312 3294 nullius
1329 3242 1395 3296 sum
1418 3238 1571 3316 ponderis.

443 3334 515 3397 lode
538 3337 633 3412 enirn,
657 3335 737 3415 quod
762 3334 899 3397 Clemens
924 3355 948 3397 c.
973 3335 1024 3401 tt.
1049 3337 1176 3414 reserat,
1203 3338 1325 3418 primam
1350 3337 1571 3405 Corinthiorum

428 3438 662 3500 ¹dissensionem
685 3433 718 3506 ἐν
740 3428 822 3524 ὀρχῇ
842 3440 900 3501 τοῦ
921 3436 1100 3523 εὐαγγελίου
1125 3446 1280 3515 excitatam
1313 3461 1399 3529 esse,
1434 3449 1572 3512 concludi

444 3561 504 3605 non
530 3550 644 3624 potest,
677 3544 795 3624 longius
819 3549 960 3626 temporis
985 3550 1110 3633 ppetium
1133 3548 1169 3607 ab
1194 3549 1241 3608 illa
1265 3549 1356 3628 prima
1381 3548 1573 3614 dissensione

445 3665 514 3708 csse
539 3647 779 3729 praeterlapsum.
824 3650 958 3732 Namque
981 3653 1010 3728 S.
1035 3671 1154 3733 quinquo
1176 3653 1298 3727 Paulus,
1323 3671 1431 3714 novem
1456 3659 1573 3720 circiter

445 3753 612 3833 annisposl
630 3752 777 3816 fundatam
795 3757 953 3818 ecclcsimu
969 3758 1195 3840 Philippensem,
1219 3759 1246 3817 in
1264 3756 1387 3837 epistola
1403 3760 1444 3820 ad
1462 3760 1573 3844 Philip·

353 3870 362 3877 '
444 3874 555 3937 penses
570 3857 617 3935 lV,
638 3857 684 3920 15.
703 3860 740 3921 de
755 3854 835 3945 ἀρχῇ
850 3859 908 3922 τοῦ
922 3854 1104 3944 εὐαγγελίου
1128 3863 1268 3943 loquitur,
1292 3862 1409 3924 minime
1435 3866 1572 3943 innuens,

446 3961 603 4024 ecclesiam
627 3965 844 4045 Philippensem
868 3975 937 4029 ante
961 3969 1073 4046 rruaultos,
1087 3968 1149 4048 jem
1177 3985 1272 4028 annos
1296 3985 1367 4028 esse
1390 3967 1556 4032 fundatam.

531 4066 596 4128 Nee
618 4068 646 4129 id
670 4086 726 4131 nos
746 4076 856 4146 inovet,
881 4071 1006 4150 quodS.
1025 4071 1162 4144 Clemens
1178 4090 1202 4134 e.
1219 4069 1270 4153 42.
1287 4071 1449 4135 ecclesiam
1464 4075 1572 4138 Corin·

405 4206 409 4212 ,
446 4167 572 4233 lhiorum
594 4167 726 4258 ἀρχαίαν
748 4167 952 4255 appellaverit.
995 4163 1125 4261 Ἀρχαία
1147 4177 1225 4261 euim
1254 4176 1400 4254 ecclesia,
1436 4184 1471 4240 ut
1499 4181 1570 4243 hena

481 4396 510 4467 1)
528 4395 649 4467 deliquit.
667 4395 709 4450 lll.
728 4411 759 4448 e.
772 4395 812 4450 to.
