3659 5209
577 549 597 603 1.
615 548 798 604 assatus
817 550 863 605 AD
884 549 957 606 COR.
977 550 1040 606 ΧῊ.
1054 552 1134 608 xvn.
1377 556 1419 623 ’17

235 714 250 773 ¹.
285 714 391 798 ¹plaqo
424 721 454 775 et
484 715 518 777 in
547 710 728 790 afflictione.
773 713 845 792 Ipse
875 721 976 777 autem
1006 714 1190 776 uulneratus
1222 725 1268 778 est
1288 725 1420 796 propter

235 820 251 860 b
296 826 409 880 nostro
428 826 560 896 peceato
571 862 581 894 ,
606 824 637 877 et
658 815 796 894 afflictus
814 825 947 897 propter
963 825 1092 881 nostros
1107 820 1294 900 iniquitates.
1337 819 1431 883 Ῥυ-Η

235 904 252 964 Π
295 926 376 986 nitio
401 924 443 984 od
465 929 606 984 nostram
626 939 735 998 paoem
757 940 852 1002 super
875 941 943 984 eum
965 927 1064 1001 uenit,
1089 925 1189 987 livore
1205 928 1273 1004 ejus
1290 945 1348 988 nos
1363 946 1419 990 sa-

235 1032 254 1072 ¹
296 1031 364 1091 noti
386 1046 501 1090 sumus.
549 1025 663 1088 Onnes
687 1027 779 1106 quusi
803 1046 875 1089 ooes
899 1030 1091 1105 erravimus,
1116 1030 1205 1092 bomo
1228 1030 1262 1091 in
1284 1030 1338 1092 oia
1360 1049 1421 1094 suu

235 1112 255 1177 5¹
296 1132 432 1203 aresta
455 1139 485 1193 et
505 1131 815 1194 Dominus-tradidit
836 1149 903 1193 enm
923 1142 1056 1212 propter
1078 1134 1263 1220 iniquitates
1281 1141 1419 1212 nostras,

235 1242 256 1331 ζ’
296 1245 326 1298 et
348 1239 426 1318 ipse,
450 1233 589 1313 addictus
612 1237 697 1314 lieet,¹
719 1228 785 1298 non
806 1237 910 1314 aperit
934 1257 977 1299 os.
1016 1237 1104 1299 Sicut
1119 1238 1188 1300 ovis
1204 1238 1248 1300 od
1264 1239 1421 1301 victimam

235 1347 257 1411 1,
296 1342 408 1405 duetus
441 1350 505 1418 est,
537 1349 567 1403 et
596 1340 679 1402 sieut
709 1358 809 1420 aqnus
832 1359 939 1403 coron
962 1342 1107 1404 tondente
1132 1350 1251 1421 mutus,
1286 1343 1336 1405 sio
1357 1360 1421 1406 nort

235 1428 257 1491 ⁵¹
296 1449 402 1528 operit
424 1467 460 1510 os
475 1466 581 1508 suum.
627 1441 689 1506 aq,
712 1436 897 1507 bumilitate
915 1464 974 1508 suo
1003 1447 1127 1508 tandem
1155 1448 1308 1510 liberatus
1329 1455 1378 1508 est
1400 1466 1421 1509 a

235 1558 254 1598 ¹
293 1571 406 1633 poena.
454 1551 691 1613 Generationem
714 1551 782 1629 ejas
804 1551 875 1630 quis
898 1553 1081 1629 enarrabit,
1107 1571 1175 1614 curn
1199 1555 1236 1615 de
1252 1562 1338 1615 terra
1361 1553 1421 1615 tol·

235 1664 250 1702 ¹
296 1658 382 1724 tatur
401 1656 468 1718 aito
490 1657 587 1734 eius?
631 1654 678 1716 Ab
710 1654 930 1733 iniquitatibus
958 1656 1071 1735 populi
1094 1657 1153 1718 mei
1176 1657 1287 1721 duetus
1310 1665 1358 1720 est
1378 1658 1422 1720 ad

235 1768 247 1807 ²
294 1770 429 1824 mortem.
474 1761 516 1821 Et
537 1759 677 1822 liberabo
707 1760 817 1840 impios
845 1759 884 1822 ob
905 1762 1101 1840 sepulchrum
1127 1764 1218 1848 ejus,
1250 1771 1281 1824 et
1308 1763 1422 1826 diuites

235 1872 241 1907 ¹
295 1867 336 1930 ob
359 1875 485 1929 mortem
508 1867 593 1945 ejus;
617 1865 910 1944 quio-iniquitatem
933 1885 996 1927 non
1017 1867 1112 1946 feeit,
1136 1887 1235 1947 neque
1259 1869 1352 1931 dolus
1368 1868 1420 1929 in·

235 1979 237 1989 '
294 1980 406 2035 ventus
438 1978 484 2032 est
511 1970 545 2029 in
577 1988 631 2031 are
663 1971 740 2048 ejus.
787 1969 829 2030 Et
850 1969 1005 2032 Dominus
1034 1972 1100 2032 oult
1127 1975 1279 2034 mundare
1306 1992 1373 2035 eum
1399 1991 1421 2036 a

292 2078 400 2157 pluqa.
446 2075 480 2136 Si
504 2070 705 2135 ³obtuteritis
725 2073 951 2152 propeccatis,
975 2076 1080 2135 onina
1102 2084 1207 2138 oestro
1227 2059 1344 2139 videbit
1367 2096 1418 2138 se·

292 2200 367 2243 men
390 2180 581 2257 lonqoeourn.
628 2177 669 2237 Et
690 2177 757 2238 uuit
771 2176 927 2239 Dominus
949 2197 1018 2240 eun
1040 2178 1167 2256 auferre
1183 2199 1199 2242 e
1218 2181 1324 2243 dotare
1347 2181 1419 2243 oni·

294 2304 383 2362 mae,
407 2284 567 2347 ostendere
591 2282 620 2343 ei
642 2283 760 2360 iucem,
786 2290 816 2344 et
835 2284 977 2363 formare
1001 2283 1226 2364 intelliqentia,
1243 2286 1421 2363 justificare

287 2395 434 2473 justum,
458 2390 534 2452 bene
556 2389 864 2463 seruientemrnultis
876 2409 887 2461 ;
918 2396 948 2450 et
967 2396 1099 2467 peecata
1122 2407 1226 2449 eorum
1249 2387 1316 2466 ipse
1337 2405 1417 2465 por-

295 2496 385 2558 tabit.
429 2493 599 2572 Propterea
625 2495 694 2575 ipse
720 2492 895 2573 possidebit
921 2493 1053 2568 multos,
1085 2501 1115 2554 et
1131 2489 1271 2569 'fortium
1301 2492 1420 2553 diuidet

294 2601 420 2681 spolio,
448 2617 507 2679 pro
531 2616 585 2676 eo,
616 2599 701 2679 quod
724 2599 842 2661 andita
865 2605 911 2660 est
932 2599 975 2660 ad
996 2604 1123 2661 mortem
1146 2597 1364 2676 animosius,
1389 2605 1420 2658 et

293 2708 331 2768 in
354 2705 474 2784 iniquis
496 2709 657 2782 reputatus
681 2711 745 2779 est,
777 2711 807 2764 et
836 2705 904 2782 ipse
933 2710 1063 2783 peceato
1084 2688 1250 2765 muitarurn
1272 2703 1359 2778 tulit,
1389 2698 1422 2763 et

290 2817 427 2889 propter
448 2809 632 2886 iniquitates
656 2826 761 2870 eorum
784 2809 921 2870 traditus
945 2816 999 2870 est.
1047 2808 1084 2870 Et
1107 2824 1213 2871 rursus
1236 2803 1308 2869 ⁴ille
1333 2792 1419 2868 dicits

294 2913 382 2994 ⁶eqo
405 2921 505 2976 autern
527 2932 595 2975 surn
617 2914 730 2982 aernuis
743 2920 784 2973 'et
806 2932 870 2976 non
893 2913 1001 2988 bomo,
1027 2912 1227 2992 opprobrium
1252 2911 1418 2988 bominum,

295 3027 328 3081 et
349 3018 483 3097 abjectio
503 3018 613 3097 piebis.
661 3017 776 3080 Omnes
797 3018 939 3079 uidentes
961 3035 1008 3077 me
1030 3017 1211 3078 deriserunt
1231 3036 1294 3093 rne,
1324 3016 1419 3078 locuti
1475 3004 1478 3011 ’

294 3131 372 3186 sunt
393 3123 503 3199 labiis,
537 3130 700 3185 mouerunt
722 3130 833 3202 eaput,
866 3122 1020 3183 dieentes:
1048 3122 1188 3200 speravit
1215 3122 1249 3183 in
1271 3121 1418 3198 Domino,

295 3229 416 3306 eripiat
437 3247 522 3303 eun,
539 3226 667 3289 saluum
687 3225 791 3303 faciut
812 3245 897 3302 eum,
922 3224 1072 3305 quoniam
1087 3226 1153 3286 oubt
1175 3245 1250 3289 eum.
1296 3225 1418 3305 videsis,

296 3333 355 3397 viri
379 3332 494 3410 dilecti,
517 3331 606 3410 quale
628 3331 715 3393 nobis
739 3331 893 3410 exempiar
915 3330 1179 3410 suprapositum
1203 3331 1229 3393 si
1252 3331 1329 3393 enim
1352 3330 1419 3392 Do-

295 3440 397 3502 minus
419 3437 457 3499 ita
485 3453 520 3497 se
550 3434 729 3513 humiliavit,
761 3433 832 3514 quid
864 3433 1009 3496 iaciemus
1040 3451 1117 3513 nos,
1148 3435 1199 3515 qui
1230 3436 1286 3497 sub
1313 3436 1429 3516 jugum⁴

295 3543 414 3628 gratiae
437 3541 503 3622 ejus
526 3557 581 3620 per
603 3539 699 3621 ipsum
722 3539 886 3602 venimus?

296 3839 387 3904 xvii.
432 3837 561 3914 Sanoti,
590 3794 760 3917 praecipue
783 3833 959 3913 Abrabam,
991 3836 1052 3900 Job
1075 3844 1105 3899 et
1124 3836 1248 3911 bisses,
1278 3832 1422 3914 exemplo

768 3940 961 4005 humilitatis.

295 4073 297 4076 ⁴
337 4138 341 4143 ⁴
388 4065 554 4128 imitatores
578 4062 669 4125 simus
693 4060 779 4123 etiam
801 4080 928 4150 eorum,
960 4059 1036 4144 ⁶qui
1066 4063 1097 4124 in
1120 4060 1247 4145 cuprinis
1271 4066 1301 4122 et
1324 4055 1420 4119 ovinis

322 4208 366 4290 ’3)
386 4219 423 4272 Iba
438 4220 494 4286 Ma,
513 4226 580 4270 teste
592 4215 752 4279 Jacohson03
770 4215 806 4272 ita
823 4224 849 4267 et
909 4218 938 4286 5)
957 4217 997 4269 Ps.
1017 4218 1060 4282 21,
1080 4215 1156 4267 t-s.
1192 4212 1270 4264 Hobr.
1289 4207 1330 4271 11,
1350 4207 1392 4259 37.

297 4309 373 4363 Lxx.
403 4305 496 4360 Contra
506 4304 641 4356 Wottonus
654 4302 756 4356 exbibet
766 4300 848 4353 δῶται.
910 4304 940 4374 6)
958 4300 1138 4368 Ηοὴτ.11,37.
1159 4292 1421 4356 utenntrastrom.

335 4395 367 4466 4)
386 4386 429 4448 Soss
448 4393 568 4449 Christus.
649 4414 653 4422 ·
712 4390 715 4396 '
766 4413 770 4420 ·
875 4391 919 4458 lv,
939 4391 979 4443 17.
999 4407 1025 4459 p.
1043 4389 1095 4440 610
1112 4404 1150 4456 sq.
