3659 5209
393 562 473 621 xxiv
831 562 1084 620 tuotuuotutrtn.
1261 578 1263 582 ·
1323 565 1521 637 aristotele

465 727 527 821 lll.
572 726 752 790 Clementem
773 724 936 789 Romanum
960 724 996 787 ad
1021 725 1190 791 Corinthios
1221 727 1396 811 scripsisse,
1430 748 1520 795 nemo

393 835 524 917 negabit.
567 833 664 896 Fuere
687 838 801 910 tamen,
832 832 882 912 qui
911 831 1067 914 epistolam
1097 840 1228 896 nostram
1259 853 1319 897 non
1348 833 1519 914 penuinum

393 945 538 1022 putarent,
562 957 618 1001 nec
641 938 718 1001 illam
742 943 912 1014 censerent,
936 957 1024 1018 quam
1047 939 1158 1020 antiqui
1180 940 1283 1003 Patres
1307 939 1464 1002 laudarunt
1489 946 1520 1003 et

304 1040 320 1120 ⁴„
393 1044 567 1126 allegarunt.
612 1042 790 1113 Praesertim
812 1041 859 1103 Ja.
883 1042 1035 1105 Talandus
1053 1040 1092 1126 ¹),
1116 1043 1221 1106 Christ.
1240 1044 1321 1126 Aug.
1338 1041 1466 1128 Satigt)
1490 1051 1520 1109 et

393 1149 547 1212 Gi'sbertus
570 1149 713 1225 Vodtius,
737 1145 839 1209 Theal.
862 1145 1021 1227 professor
1043 1147 1073 1211 in
1096 1147 1257 1212 Academia
1280 1149 1471 1231 Ultrajectina
1486 1146 1518 1232 ³]

391 1237 571 1318 authentiam
595 1252 739 1336 epistolae
761 1258 884 1313 nostrae
906 1258 1065 1334 negarunt,
1089 1252 1129 1316 illi
1152 1253 1314 1334 imperiose
1338 1253 1415 1315 nulla
1438 1251 1519 1316 affe-

389 1365 492 1422 rentes
516 1363 699 1442 argumenta,
721 1355 770 1417 lric
792 1354 1051 1420 hallucinationem
1075 1359 1190 1440 potius,
1214 1376 1301 1438 quam
1326 1357 1519 1421 demonstra-

390 1465 502 1528 tionem
525 1461 695 1545 proterens.
734 1462 828 1536 Quam
851 1462 927 1525 male
949 1468 1171 1544 praeconcepta
1194 1462 1335 1545 opinione
1358 1461 1466 1525 ductus
1491 1463 1519 1527 id

390 1570 497 1652 egerit,
520 1567 597 1631 audi.
635 1565 847 1643 Admirantur,
864 1567 969 1646 inquit,
984 1567 1176 1648 sinpularem
1191 1567 1333 1630 diuinam
1344 1568 1518 1646 providea-

389 1674 476 1750 tiam,
502 1691 583 1752 quae
599 1673 732 1749 curauit,
748 1680 784 1733 at
797 1671 837 1734 ab
852 1670 1074 1750 Apostolorum
1090 1672 1267 1750 discipulis,
1283 1673 1424 1752 virisque
1439 1692 1518 1754 apa-

388 1777 520 1852 stolicis,
545 1783 576 1837 et
589 1775 814 1855 Apostolorum
829 1777 937 1840 seculo
950 1778 1122 1856 proximis,
1147 1786 1204 1840 aut
1218 1776 1300 1839 nibil
1313 1776 1517 1857 scriberetur,

390 1889 446 1944 aut
474 1881 554 1943 nibil
580 1891 819 1944 conservaretur
847 1893 876 1945 et
903 1882 947 1944 ad
969 1892 1118 1961 posteros
1142 1893 1300 1961 muneret,
1332 1890 1389 1961 aut
1408 1884 1519 1946 saltem

389 1987 471 2050 aibil
493 1986 533 2048 ab
555 1986 647 2049 initio
670 1987 820 2049 ecclesiae
843 1984 942 2069 usque
966 1989 999 2051 ia
1028 1991 1110 2052 dunc
1139 1992 1221 2053 diem
1250 1999 1448 2068 superesset,
1481 1990 1519 2052 de

388 2081 450 2174 pua
466 2111 531 2154 nou
546 2092 751 2169 dubitaretur,
775 2102 831 2156 aut
846 2095 933 2174 quod
945 2113 1005 2173 per
1021 2096 1122 2158 tineas
1139 2095 1325 2178 blattasque,
1349 2102 1406 2156 aut
1421 2094 1516 2155 aliurn

389 2198 526 2278 quemvis
540 2197 601 2259 Dei
625 2198 794 2261 esercitum
815 2199 988 2261 mutilatum
1007 2220 1070 2263 non
1087 2210 1184 2263 esset:
1207 2209 1243 2263 ut
1256 2201 1316 2264 soli
1332 2199 1517 2277 Scripta-rae

389 2311 476 2367 tanto
507 2304 681 2367 euidentius
712 2324 773 2367 sua
803 2313 964 2368 constaret
994 2307 1189 2383 auctoritas,
1221 2306 1328 2386 illique
1350 2304 1413 2368 sali
1438 2311 1520 2368 esset

384 2409 524 2489 propria
547 2408 833 2488 incorruptibilitas
856 2418 886 2473 et
906 2411 1088 2474 aeternitas.

476 2514 521 2576 De
544 2515 762 2577 recentioribus
786 2514 933 2597 epistolae
955 2521 1077 2578 nostrae
1092 2515 1349 2599 impugnatoribus
1366 2513 1422 2578 alr.
1439 2512 1517 2577 inira

385 2635 415 2701 r·
439 2616 555 2683 XXXH·
833 2699 837 2704 .

424 2735 427 2739 ·
474 2723 537 2786 Nos
561 2723 703 2802 eandem,
734 2741 821 2805 quam
845 2722 984 2786 Clemens
1006 2727 1179 2808 scripserit,
1212 2726 1323 2789 babere
1346 2724 1514 2808 epistolam,

391 2828 501 2892 exinde
530 2831 602 2893 satis
632 2831 791 2912 probatur,
823 2831 967 2911 quiaea,
998 2848 1075 2911 quae
1099 2835 1219 2892 veteres
1243 2829 1389 2894 ecclesiae
1411 2836 1514 2912 patres

390 2951 430 2996 ex
454 2932 529 2997 dicta
553 2934 678 3016 epistola
701 2934 878 3018 allegarunt,
900 2935 930 2997 in
954 2942 1056 2998 nostra
1078 2935 1279 3016 reperiuntur.

433 3035 471 3122 a)
498 3039 561 3102 lam
577 3039 608 3101 S.
624 3040 830 3121 Polycarpus,
851 3046 883 3102 ut
899 3039 1071 3103 Gallandius
1087 3039 1208 3117 monuit,
1230 3038 1356 3101 eandem
1373 3037 1518 3100 Clemen-

499 3143 588 3205 tinam
611 3144 765 3224 epistolam
788 3162 876 3207 manu
901 3144 1050 3223 versavit,
1081 3149 1110 3206 et
1132 3143 1273 3207 nonnulla
1296 3162 1335 3206 ex
1358 3161 1395 3205 ea
1418 3160 1518 3224 paene

500 3249 684 3313 verbotenus
706 3250 842 3314 insuam
865 3249 902 3313 ad
927 3249 1131 3331 Philippenses
1154 3249 1310 3330 epistolam
1336 3247 1496 3311 transtulit.

545 3441 606 3524 Ep.
637 3441 785 3504 lclem.
1100 3440 1222 3522 Epist.
1252 3441 1383 3525 Polyc.

436 3564 467 3628 C.
493 3561 519 3628 1.
560 3556 703 3640 suartio
724 3583 759 3625 τε
854 3581 939 3648 arap-
1012 3560 1096 3626 (ld.
1142 3551 1334 3643 Διδᾶξωμεν
1461 3555 1521 3634 τοὶς

391 3664 563 3755 willera,
582 3657 771 3751 orcpporlaorg
785 3657 940 3754 radpodu-
966 3671 1114 3751 γυναῖκας
1137 3663 1223 3746 ὑμῶν
1325 3656 1520 3751 στεργοὺσας

304 3826 312 3835 .
391 3791 457 3846 τως
485 3763 561 3844 τοῖς
591 3760 707 3854 ἄνδρας
738 3767 858 3837 iamdiu
968 3764 1055 3858 τοὺς.ι
1073 3765 1195 3834 iamdiu
1222 3760 1339 3857 ἄνδρας
1368 3765 1400 3834 ἐν
1429 3759 1521 3855 πάσῃ

392 3866 477 3940 πάνυ
497 3864 732 3963 σωφρονοὺσας·
968 3866 1108 3960 ἀληθείᾳ
1129 3871 1184 3938 καὶ
1286 3871 1319 3940 ἐν
1349 3864 1441 3960 πάσῃ
1467 3871 1520 3959 ἐγ-

968 3975 1108 4066 κρατείᾳ.

430 4151 458 4221 1)
476 4151 503 4204 lu
521 4150 643 4221 Catalogo
661 4151 785 4204 librorum
796 4150 895 4212 ¹Christo
915 4159 941 4204 et
968 4168 993 4219 p.
1013 4151 1055 4204 39.
1081 4149 1139 4205 cn.
1151 4153 1285 4209 Maabeim.
1305 4150 1383 4204 instit.
1404 4149 1523 4218 majores

393 4239 521 4307 Apostolis
552 4241 737 4307 adscriptorum
766 4255 789 4292 o.
810 4239 851 4291 18.
876 4237 942 4292 Τ.Ι.
969 4256 994 4307 p.
1013 4238 1072 4295 21³.

394 4325 460 4405 0pp.
480 4344 505 4396 p.
523 4327 583 4381 392.
662 4355 667 4361 ·
768 4331 773 4335 '
901 4335 904 4339 '
1005 4326 1035 4393 3)
1053 4326 1146 4380 Select.
1160 4327 1260 4396 Disput.
1272 4325 1299 4379 P.
1312 4324 1331 4376 l.
1345 4342 1370 4393 p.
1386 4323 1447 4380 103.
1469 4281 1564 4380 Cir..

428 4414 458 4483 2)
476 4414 516 4469 De
530 4415 657 4484 diptychis
669 4413 789 4468 Veterum
802 4429 824 4467 c.
840 4413 865 4467 ³.
878 4416 903 4480 §.
916 4415 943 4468 4.
971 4415 1072 4484 arato,
1093 4413 1214 4485 spicileg.
1232 4413 1259 4468 T.
1277 4411 1296 4466 l.
1314 4429 1341 4481 p.
1360 4409 1423 4483 260.
