<?xml version="1.0" encoding="UTF-8"?>
<!DOCTYPE html PUBLIC "-//W3C//DTD XHTML 1.0 Transitional//EN"
    "http://www.w3.org/TR/xhtml1/DTD/xhtml1-transitional.dtd">
<html xmlns="http://www.w3.org/1999/xhtml" xml:lang="en" lang="en">
 <head>
  <title>
</title>
<meta http-equiv="Content-Type" content="text/html;charset=utf-8" />
  <meta name='ocr-system' content='tesseract 3.04.00' />
  <meta name='ocr-capabilities' content='ocr_page ocr_carea ocr_par ocr_line ocrx_word'/>
</head>
<body>
  <div class='ocr_page' id='page_1' title='image "./patrumapostolic00hefegoog/patrumapostolic00hefegoog_0395.png"; bbox 0 0 3659 5209; ppageno 0'>
   <div class='ocr_carea' id='block_1_1' title="bbox 584 520 1486 599">
    <p class='ocr_par' dir='ltr' id='par_1_1' title="bbox 584 520 1486 599">
     <span class='ocr_line' id='line_1_1' title="bbox 584 520 1486 599; baseline 0.012 -24"><span class='ocrx_word' id='word_1_1' title='bbox 584 521 777 577; x_wconf 73' lang='lat' dir='ltr'><strong>aaatmttltt</strong></span> <span class='ocrx_word' id='word_1_2' title='bbox 795 521 821 577; x_wconf 89' lang='lat' dir='ltr'><strong>S.</strong></span> <span class='ocrx_word' id='word_1_3' title='bbox 840 520 1030 578; x_wconf 76' lang='lat' dir='ltr'>POLYCARPI.</span> <span class='ocrx_word' id='word_1_4' title='bbox 1049 523 1112 579; x_wconf 64' lang='lat' dir='ltr'><strong>xlx„</strong></span> <span class='ocrx_word' id='word_1_5' title='bbox 1131 525 1183 582; x_wconf 81' lang='lat' dir='ltr'><strong>XX.</strong></span> <span class='ocrx_word' id='word_1_6' title='bbox 1201 526 1264 580; x_wconf 84' lang='lat' dir='ltr'><strong>xxt.</strong></span> <span class='ocrx_word' id='word_1_7' title='bbox 1421 532 1486 599; x_wconf 81' lang='grc'><strong>293</strong></span> 
     </span>
    </p>
   </div>
   <div class='ocr_carea' id='block_1_2' title="bbox 304 657 1487 875">
    <p class='ocr_par' dir='ltr' id='par_1_2' title="bbox 304 657 1487 875">
     <span class='ocr_line' id='line_1_2' title="bbox 304 657 1487 773; baseline 0.003 -21"><span class='ocrx_word' id='word_1_8' title='bbox 304 696 315 753; x_wconf 83' lang='lat' dir='ltr'><strong>l</strong></span> <span class='ocrx_word' id='word_1_9' title='bbox 339 657 389 748; x_wconf 56' lang='lat' dir='ltr'><strong>sin</strong></span> <span class='ocrx_word' id='word_1_10' title='bbox 412 684 583 748; x_wconf 82' lang='lat' dir='ltr'><strong>memoriam</strong></span> <span class='ocrx_word' id='word_1_11' title='bbox 607 702 727 764; x_wconf 90' lang='lat' dir='ltr'><strong>eorum,</strong></span> <span class='ocrx_word' id='word_1_12' title='bbox 751 686 801 766; x_wconf 82' lang='lat' dir='ltr'><strong>qui</strong></span> <span class='ocrx_word' id='word_1_13' title='bbox 825 685 984 749; x_wconf 83' lang='lat' dir='ltr'><strong>certamina</strong></span> <span class='ocrx_word' id='word_1_14' title='bbox 1006 685 1208 766; x_wconf 87' lang='lat' dir='ltr'><strong>pertulerunt,</strong></span> <span class='ocrx_word' id='word_1_15' title='bbox 1236 694 1297 752; x_wconf 88' lang='lat' dir='ltr'><strong>tum</strong></span> <span class='ocrx_word' id='word_1_16' title='bbox 1318 697 1350 753; x_wconf 90' lang='lat' dir='ltr'><strong>ut</strong></span> <span class='ocrx_word' id='word_1_17' title='bbox 1372 693 1487 773; x_wconf 89' lang='lat' dir='ltr'><strong>posteri</strong></span> 
     </span>
     <span class='ocr_line' id='line_1_3' title="bbox 304 787 1201 875; baseline -0.003 -20"><span class='ocrx_word' id='word_1_18' title='bbox 304 822 316 866; x_wconf 75' lang='grc' dir='ltr'>ι</span> <span class='ocrx_word' id='word_1_19' title='bbox 359 792 515 855; x_wconf 84' lang='lat' dir='ltr'><strong>exercitati</strong></span> <span class='ocrx_word' id='word_1_20' title='bbox 537 792 598 856; x_wconf 94' lang='lat' dir='ltr'><strong>sint</strong></span> <span class='ocrx_word' id='word_1_21' title='bbox 620 796 650 853; x_wconf 91' lang='lat' dir='ltr'><strong>et</strong></span> <span class='ocrx_word' id='word_1_22' title='bbox 671 791 764 872; x_wconf 87' lang='lat' dir='ltr'><strong>parali</strong></span> <span class='ocrx_word' id='word_1_23' title='bbox 789 790 845 875; x_wconf 85' lang='lat' dir='ltr'><strong>(ad</strong></span> <span class='ocrx_word' id='word_1_24' title='bbox 870 791 975 854; x_wconf 90' lang='lat' dir='ltr'><strong>eadem</strong></span> <span class='ocrx_word' id='word_1_25' title='bbox 998 787 1201 873; x_wconf 85' lang='lat' dir='ltr'><strong>sustinenda).</strong></span> 
     </span>
    </p>
   </div>
   <div class='ocr_carea' id='block_1_3' title="bbox 631 981 1205 1064">
    <p class='ocr_par' dir='ltr' id='par_1_3' title="bbox 631 981 1205 1064">
     <span class='ocr_line' id='line_1_4' title="bbox 631 981 1205 1064; baseline 0.003 -20"><span class='ocrx_word' id='word_1_26' title='bbox 631 981 719 1044; x_wconf 84' lang='lat' dir='ltr'><strong>xlx..</strong></span> <span class='ocrx_word' id='word_1_27' title='bbox 753 981 839 1046; x_wconf 81' lang='lat' dir='ltr'><strong>Laus</strong></span> <span class='ocrx_word' id='word_1_28' title='bbox 859 981 1026 1064; x_wconf 81' lang='lat' dir='ltr'><strong>Polycarpi</strong></span> <span class='ocrx_word' id='word_1_29' title='bbox 1048 984 1205 1064; x_wconf 81' lang='lat' dir='ltr'><strong>martyris.</strong></span> 
     </span>
    </p>
   </div>
   <div class='ocr_carea' id='block_1_4' title="bbox 304 1103 1557 2224">
    <p class='ocr_par' dir='ltr' id='par_1_4' title="bbox 304 1103 1484 1198">
     <span class='ocr_line' id='line_1_5' title="bbox 304 1103 1484 1198; baseline 0.005 -31"><span class='ocrx_word' id='word_1_30' title='bbox 304 1112 322 1198; x_wconf 58' lang='lat' dir='ltr'><strong>y</strong></span> <span class='ocrx_word' id='word_1_31' title='bbox 444 1105 525 1169; x_wconf 87' lang='lat' dir='ltr'><strong>llaec</strong></span> <span class='ocrx_word' id='word_1_32' title='bbox 549 1103 586 1167; x_wconf 92' lang='lat' dir='ltr'><strong>de</strong></span> <span class='ocrx_word' id='word_1_33' title='bbox 609 1105 697 1168; x_wconf 91' lang='lat' dir='ltr'><strong>beato</strong></span> <span class='ocrx_word' id='word_1_34' title='bbox 720 1104 896 1188; x_wconf 81' lang='lat' dir='ltr'><strong>Polycarpo,</strong></span> <span class='ocrx_word' id='word_1_35' title='bbox 920 1107 1057 1187; x_wconf 87' lang='lat' dir='ltr'><strong>quicum</strong></span> <span class='ocrx_word' id='word_1_36' title='bbox 1079 1106 1125 1185; x_wconf 89' lang='lat' dir='ltr'><strong>iis,</strong></span> <span class='ocrx_word' id='word_1_37' title='bbox 1149 1107 1199 1187; x_wconf 91' lang='lat' dir='ltr'><strong>qui</strong></span> <span class='ocrx_word' id='word_1_38' title='bbox 1220 1126 1259 1170; x_wconf 85' lang='lat' dir='ltr'><strong>ex</strong></span> <span class='ocrx_word' id='word_1_39' title='bbox 1275 1107 1484 1193; x_wconf 88' lang='lat' dir='ltr'><strong>Philadelphia,</strong></span> 
     </span>
    </p>

    <p class='ocr_par' dir='ltr' id='par_1_5' title="bbox 304 1209 1485 1300">
     <span class='ocr_line' id='line_1_6' title="bbox 304 1209 1485 1300; baseline 0.004 -28"><span class='ocrx_word' id='word_1_40' title='bbox 304 1250 321 1295; x_wconf 60' lang='lat' dir='ltr'><strong>,y</strong></span> <span class='ocrx_word' id='word_1_41' title='bbox 360 1209 581 1273; x_wconf 88' lang='lat' dir='ltr'><strong>¹du0decimus</strong></span> <span class='ocrx_word' id='word_1_42' title='bbox 615 1210 760 1293; x_wconf 80' lang='lat' dir='ltr'><strong>Smyrnae</strong></span> <span class='ocrx_word' id='word_1_43' title='bbox 793 1213 963 1292; x_wconf 85' lang='lat' dir='ltr'><strong>nrartyrtum</strong></span> <span class='ocrx_word' id='word_1_44' title='bbox 986 1217 1045 1291; x_wconf 41' lang='lat' dir='ltr'><strong>‚est</strong></span> <span class='ocrx_word' id='word_1_45' title='bbox 1077 1228 1204 1292; x_wconf 87' lang='lat' dir='ltr'><strong>passus,</strong></span> <span class='ocrx_word' id='word_1_46' title='bbox 1242 1213 1296 1276; x_wconf 89' lang='lat' dir='ltr'><strong>sed</strong></span> <span class='ocrx_word' id='word_1_47' title='bbox 1331 1214 1413 1278; x_wconf 91' lang='lat' dir='ltr'><strong>solus</strong></span> <span class='ocrx_word' id='word_1_48' title='bbox 1447 1217 1485 1300; x_wconf 83' lang='lat' dir='ltr'><strong>al)</strong></span> 
     </span>
    </p>

    <p class='ocr_par' dir='ltr' id='par_1_6' title="bbox 304 1296 1485 1399">
     <span class='ocr_line' id='line_1_7' title="bbox 304 1308 1485 1399; baseline 0.003 -20"><span class='ocrx_word' id='word_1_49' title='bbox 304 1308 319 1399; x_wconf 73' lang='grc'><strong>’,</strong></span> <span class='ocrx_word' id='word_1_50' title='bbox 356 1316 495 1379; x_wconf 91' lang='lat' dir='ltr'><strong>omnibus</strong></span> <span class='ocrx_word' id='word_1_51' title='bbox 519 1313 695 1393; x_wconf 87' lang='lat' dir='ltr'><strong>celebratur,</strong></span> <span class='ocrx_word' id='word_1_52' title='bbox 719 1317 767 1394; x_wconf 87' lang='lat' dir='ltr'><strong>ita,</strong></span> <span class='ocrx_word' id='word_1_53' title='bbox 791 1321 822 1377; x_wconf 87' lang='lat' dir='ltr'><strong>ut</strong></span> <span class='ocrx_word' id='word_1_54' title='bbox 845 1335 861 1377; x_wconf 92' lang='lat' dir='ltr'><strong>a</strong></span> <span class='ocrx_word' id='word_1_55' title='bbox 885 1315 1046 1398; x_wconf 84' lang='lat' dir='ltr'><strong>gentilibus</strong></span> <span class='ocrx_word' id='word_1_56' title='bbox 1070 1334 1191 1396; x_wconf 88' lang='lat' dir='ltr'><strong>quoque</strong></span> <span class='ocrx_word' id='word_1_57' title='bbox 1214 1317 1325 1398; x_wconf 89' lang='lat' dir='ltr'><strong>ubique</strong></span> <span class='ocrx_word' id='word_1_58' title='bbox 1351 1319 1485 1384; x_wconf 92' lang='lat' dir='ltr'><strong>locorum</strong></span> 
     </span>
    </p>

    <p class='ocr_par' dir='ltr' id='par_1_7' title="bbox 304 1417 1485 1519">
     <span class='ocr_line' id='line_1_8' title="bbox 304 1417 1485 1519; baseline 0.003 -36"><span class='ocrx_word' id='word_1_59' title='bbox 304 1466 319 1519; x_wconf 44' lang='grc' dir='ltr'><em>μ</em></span> <span class='ocrx_word' id='word_1_60' title='bbox 356 1417 586 1497; x_wconf 79' lang='lat' dir='ltr'><strong>²memoretur;</strong></span> <span class='ocrx_word' id='word_1_61' title='bbox 611 1422 661 1502; x_wconf 90' lang='lat' dir='ltr'><strong>qui</strong></span> <span class='ocrx_word' id='word_1_62' title='bbox 685 1437 746 1483; x_wconf 93' lang='lat' dir='ltr'><strong>non</strong></span> <span class='ocrx_word' id='word_1_63' title='bbox 769 1419 866 1483; x_wconf 90' lang='lat' dir='ltr'><strong>solum</strong></span> <span class='ocrx_word' id='word_1_64' title='bbox 889 1420 995 1483; x_wconf 88' lang='lat' dir='ltr'><strong>doctor</strong></span> <span class='ocrx_word' id='word_1_65' title='bbox 1018 1422 1143 1504; x_wconf 83' lang='lat' dir='ltr'><strong>insignis</strong></span> <span class='ocrx_word' id='word_1_66' title='bbox 1169 1423 1291 1501; x_wconf 85' lang='lat' dir='ltr'><strong>exstitit,</strong></span> <span class='ocrx_word' id='word_1_67' title='bbox 1320 1423 1373 1486; x_wconf 92' lang='lat' dir='ltr'><strong>sed</strong></span> <span class='ocrx_word' id='word_1_68' title='bbox 1397 1426 1485 1488; x_wconf 91' lang='lat' dir='ltr'><strong>etiam</strong></span> 
     </span>
    </p>

    <p class='ocr_par' dir='ltr' id='par_1_8' title="bbox 304 1527 1484 1613">
     <span class='ocr_line' id='line_1_9' title="bbox 304 1527 1484 1613; baseline 0.003 -24"><span class='ocrx_word' id='word_1_69' title='bbox 304 1570 313 1613; x_wconf 58' lang='lat'><em>5</em></span> <span class='ocrx_word' id='word_1_70' title='bbox 341 1533 472 1608; x_wconf 90' lang='lat' dir='ltr'><strong>-martyr</strong></span> <span class='ocrx_word' id='word_1_71' title='bbox 495 1527 638 1606; x_wconf 81' lang='lat' dir='ltr'><strong>eximius,</strong></span> <span class='ocrx_word' id='word_1_72' title='bbox 670 1527 754 1608; x_wconf 80' lang='lat' dir='ltr'><strong>quus</strong></span> <span class='ocrx_word' id='word_1_73' title='bbox 779 1528 963 1606; x_wconf 90' lang='lat' dir='ltr'><strong>martyrium,</strong></span> <span class='ocrx_word' id='word_1_74' title='bbox 996 1527 1155 1608; x_wconf 84' lang='lat' dir='ltr'><strong>evangelio</strong></span> <span class='ocrx_word' id='word_1_75' title='bbox 1178 1527 1286 1608; x_wconf 85' lang='lat' dir='ltr'><strong>Christi</strong></span> <span class='ocrx_word' id='word_1_76' title='bbox 1308 1546 1484 1611; x_wconf 80' lang='lat' dir='ltr'><strong>congruum,</strong></span> 
     </span>
    </p>

    <p class='ocr_par' dir='ltr' id='par_1_9' title="bbox 305 1629 1557 2224">
     <span class='ocr_line' id='line_1_10' title="bbox 305 1629 1484 1720; baseline 0.003 -26"><span class='ocrx_word' id='word_1_77' title='bbox 305 1710 309 1720; x_wconf 30' lang='lat'><em>¹</em></span> <span class='ocrx_word' id='word_1_78' title='bbox 346 1647 463 1695; x_wconf 48' lang='lat' dir='ltr'><strong>,omnes</strong></span> <span class='ocrx_word' id='word_1_79' title='bbox 486 1631 592 1693; x_wconf 90' lang='lat' dir='ltr'><strong>imitari</strong></span> <span class='ocrx_word' id='word_1_80' title='bbox 616 1629 794 1694; x_wconf 88' lang='lat' dir='ltr'><strong>desiderant.</strong></span> <span class='ocrx_word' id='word_1_81' title='bbox 841 1631 1001 1712; x_wconf 91' lang='lat' dir='ltr'><strong>Postquam</strong></span> <span class='ocrx_word' id='word_1_82' title='bbox 1033 1634 1109 1696; x_wconf 91' lang='lat' dir='ltr'><strong>enim</strong></span> <span class='ocrx_word' id='word_1_83' title='bbox 1135 1633 1311 1696; x_wconf 87' lang='lat' dir='ltr'><strong>sustinendo</strong></span> <span class='ocrx_word' id='word_1_84' title='bbox 1342 1634 1484 1717; x_wconf 82' lang='lat' dir='ltr'><strong>injustum</strong></span> 
     </span>
     <span class='ocr_line' id='line_1_11' title="bbox 352 1736 1485 1820; baseline 0.004 -22"><span class='ocrx_word' id='word_1_85' title='bbox 352 1736 526 1820; x_wconf 82' lang='lat' dir='ltr'><strong>praesidem</strong></span> <span class='ocrx_word' id='word_1_86' title='bbox 561 1737 648 1815; x_wconf 86' lang='lat' dir='ltr'><strong>vicit,</strong></span> <span class='ocrx_word' id='word_1_87' title='bbox 682 1737 786 1817; x_wconf 88' lang='lat' dir='ltr'><strong>sicque</strong></span> <span class='ocrx_word' id='word_1_88' title='bbox 817 1737 1042 1800; x_wconf 89' lang='lat' dir='ltr'><strong>immortalitatis</strong></span> <span class='ocrx_word' id='word_1_89' title='bbox 1076 1754 1216 1800; x_wconf 87' lang='lat' dir='ltr'><strong>coronam</strong></span> <span class='ocrx_word' id='word_1_90' title='bbox 1250 1740 1383 1820; x_wconf 85' lang='lat' dir='ltr'><strong>recepit,</strong></span> <span class='ocrx_word' id='word_1_91' title='bbox 1418 1758 1485 1802; x_wconf 89' lang='lat' dir='ltr'><strong>cum</strong></span> 
     </span>
     <span class='ocr_line' id='line_1_12' title="bbox 353 1840 1557 1927; baseline 0.002 -21"><span class='ocrx_word' id='word_1_92' title='bbox 353 1840 501 1924; x_wconf 90' lang='lat' dir='ltr'><strong>apostolis</strong></span> <span class='ocrx_word' id='word_1_93' title='bbox 525 1842 720 1922; x_wconf 89' lang='lat' dir='ltr'><strong>omnibusque</strong></span> <span class='ocrx_word' id='word_1_94' title='bbox 739 1841 828 1923; x_wconf 92' lang='lat' dir='ltr'><strong>justis</strong></span> <span class='ocrx_word' id='word_1_95' title='bbox 852 1842 1014 1920; x_wconf 76' lang='lat' dir='ltr'><strong>exsultans,</strong></span> <span class='ocrx_word' id='word_1_96' title='bbox 1038 1840 1131 1909; x_wconf 86' lang='lat' dir='ltr'><strong>Deum</strong></span> <span class='ocrx_word' id='word_1_97' title='bbox 1148 1863 1182 1905; x_wconf 88' lang='lat' dir='ltr'><strong>ae</strong></span> <span class='ocrx_word' id='word_1_98' title='bbox 1199 1849 1311 1924; x_wconf 89' lang='lat' dir='ltr'><strong>patrem</strong></span> <span class='ocrx_word' id='word_1_99' title='bbox 1328 1844 1483 1927; x_wconf 80' lang='lat' dir='ltr'><strong>glorificat,</strong></span> <span class='ocrx_word' id='word_1_100' title='bbox 1511 1886 1518 1899; x_wconf 77' lang='lat'><strong>,</strong></span> <span class='ocrx_word' id='word_1_101' title='bbox 1549 1867 1557 1874; x_wconf 92' lang='lat'>·</span> 
     </span>
     <span class='ocr_line' id='line_1_13' title="bbox 353 1930 1483 2023; baseline 0.002 -13"><span class='ocrx_word' id='word_1_102' title='bbox 353 1954 388 2011; x_wconf 81' lang='lat' dir='ltr'><strong>el</strong></span> <span class='ocrx_word' id='word_1_103' title='bbox 410 1930 562 2010; x_wconf 78' lang='lat' dir='ltr'><strong>benedicit</strong></span> <span class='ocrx_word' id='word_1_104' title='bbox 583 1947 710 2010; x_wconf 86' lang='lat' dir='ltr'><strong>Domino</strong></span> <span class='ocrx_word' id='word_1_105' title='bbox 735 1954 839 2009; x_wconf 89' lang='lat' dir='ltr'><strong>nostro</strong></span> <span class='ocrx_word' id='word_1_106' title='bbox 863 1942 962 2007; x_wconf 85' lang='lat' dir='ltr'><strong>³Jesu</strong></span> <span class='ocrx_word' id='word_1_107' title='bbox 979 1945 1106 2023; x_wconf 83' lang='lat' dir='ltr'><strong>Christo,</strong></span> <span class='ocrx_word' id='word_1_108' title='bbox 1130 1948 1290 2010; x_wconf 88' lang='lat' dir='ltr'><strong>animarum</strong></span> <span class='ocrx_word' id='word_1_109' title='bbox 1314 1957 1483 2012; x_wconf 90' lang='lat' dir='ltr'><strong>nostrarum</strong></span> 
     </span>
     <span class='ocr_line' id='line_1_14' title="bbox 353 2050 1482 2135; baseline 0.001 -18"><span class='ocrx_word' id='word_1_110' title='bbox 353 2052 517 2130; x_wconf 71' lang='lat' dir='ltr'><strong>salvatori,</strong></span> <span class='ocrx_word' id='word_1_111' title='bbox 540 2058 571 2114; x_wconf 91' lang='lat' dir='ltr'><strong>et</strong></span> <span class='ocrx_word' id='word_1_112' title='bbox 593 2068 752 2132; x_wconf 87' lang='lat' dir='ltr'><strong>corporum</strong></span> <span class='ocrx_word' id='word_1_113' title='bbox 776 2054 946 2111; x_wconf 90' lang='lat' dir='ltr'><strong>nostrorum</strong></span> <span class='ocrx_word' id='word_1_114' title='bbox 969 2050 1180 2132; x_wconf 72' lang='lat' dir='ltr'><strong>gubernatori,</strong></span> <span class='ocrx_word' id='word_1_115' title='bbox 1206 2071 1262 2115; x_wconf 92' lang='lat' dir='ltr'><strong>nec</strong></span> <span class='ocrx_word' id='word_1_116' title='bbox 1285 2071 1346 2116; x_wconf 95' lang='lat' dir='ltr'><strong>non</strong></span> <span class='ocrx_word' id='word_1_117' title='bbox 1369 2055 1482 2135; x_wconf 88' lang='lat' dir='ltr'><strong>pastori</strong></span> 
     </span>
     <span class='ocr_line' id='line_1_15' title="bbox 353 2152 1024 2224; baseline -0.007 -3"><span class='ocrx_word' id='word_1_118' title='bbox 353 2156 523 2222; x_wconf 83' lang='lat' dir='ltr'><strong>catholicae</strong></span> <span class='ocrx_word' id='word_1_119' title='bbox 547 2157 576 2219; x_wconf 91' lang='lat' dir='ltr'><strong>in</strong></span> <span class='ocrx_word' id='word_1_120' title='bbox 599 2163 662 2219; x_wconf 89' lang='lat' dir='ltr'><strong>toto</strong></span> <span class='ocrx_word' id='word_1_121' title='bbox 686 2156 760 2217; x_wconf 91' lang='lat' dir='ltr'><strong>orbe</strong></span> <span class='ocrx_word' id='word_1_122' title='bbox 785 2154 933 2217; x_wconf 88' lang='lat' dir='ltr'><strong>ecclesiae</strong></span> <span class='ocrx_word' id='word_1_123' title='bbox 950 2152 971 2217; x_wconf 81' lang='lat'><strong>⁴.</strong></span> <span class='ocrx_word' id='word_1_124' title='bbox 1021 2219 1024 2224; x_wconf 74' lang='grc'><strong>,</strong></span> 
     </span>
    </p>
   </div>
   <div class='ocr_carea' id='block_1_5' title="bbox 573 2328 1266 2427">
    <p class='ocr_par' dir='ltr' id='par_1_10' title="bbox 573 2328 1266 2427">
     <span class='ocr_line' id='line_1_16' title="bbox 573 2328 1266 2427; baseline -0.001 -17"><span class='ocrx_word' id='word_1_125' title='bbox 573 2346 638 2410; x_wconf 91' lang='grc' dir='ltr'><strong>ΧΧ.</strong></span> <span class='ocrx_word' id='word_1_126' title='bbox 683 2347 793 2410; x_wconf 82' lang='lat' dir='ltr'><strong>Mittite</strong></span> <span class='ocrx_word' id='word_1_127' title='bbox 814 2328 896 2408; x_wconf 77' lang='lat' dir='ltr'><strong>dono</strong></span> <span class='ocrx_word' id='word_1_128' title='bbox 918 2347 1081 2427; x_wconf 82' lang='lat' dir='ltr'><strong>epistolam</strong></span> <span class='ocrx_word' id='word_1_129' title='bbox 1101 2347 1266 2426; x_wconf 76' lang='lat' dir='ltr'><strong>fratribus.</strong></span> 
     </span>
    </p>
   </div>
   <div class='ocr_carea' id='block_1_6' title="bbox 325 2458 1482 3500">
    <p class='ocr_par' dir='ltr' id='par_1_11' title="bbox 325 2458 1482 3500">
     <span class='ocr_line' id='line_1_17' title="bbox 350 2458 1481 2554; baseline -0.002 -19"><span class='ocrx_word' id='word_1_130' title='bbox 350 2530 353 2535; x_wconf 90' lang='lat'>.</span> <span class='ocrx_word' id='word_1_131' title='bbox 446 2471 508 2534; x_wconf 83' lang='lat' dir='ltr'><strong>vos</strong></span> <span class='ocrx_word' id='word_1_132' title='bbox 532 2471 650 2552; x_wconf 87' lang='lat' dir='ltr'><strong>quidem</strong></span> <span class='ocrx_word' id='word_1_133' title='bbox 673 2470 839 2551; x_wconf 86' lang='lat' dir='ltr'><strong>petieratis,</strong></span> <span class='ocrx_word' id='word_1_134' title='bbox 862 2477 894 2532; x_wconf 92' lang='lat' dir='ltr'><strong>ut</strong></span> <span class='ocrx_word' id='word_1_135' title='bbox 917 2458 1040 2549; x_wconf 78' lang='lat' dir='ltr'><strong>cuncta,</strong></span> <span class='ocrx_word' id='word_1_136' title='bbox 1064 2477 1248 2554; x_wconf 82' lang='lat' dir='ltr'><strong>quaegesta</strong></span> <span class='ocrx_word' id='word_1_137' title='bbox 1271 2478 1356 2552; x_wconf 89' lang='lat' dir='ltr'><strong>sunt,</strong></span> <span class='ocrx_word' id='word_1_138' title='bbox 1388 2471 1481 2534; x_wconf 87' lang='lat' dir='ltr'><strong>insius</strong></span> 
     </span>
     <span class='ocr_line' id='line_1_18' title="bbox 350 2577 1482 2658; baseline -0.003 -16"><span class='ocrx_word' id='word_1_139' title='bbox 350 2578 445 2642; x_wconf 86' lang='lat' dir='ltr'><strong>vobis</strong></span> <span class='ocrx_word' id='word_1_140' title='bbox 468 2582 691 2658; x_wconf 84' lang='lat' dir='ltr'><strong>exponerentur</strong></span> <span class='ocrx_word' id='word_1_141' title='bbox 698 2597 707 2653; x_wconf 94' lang='lat'>;</span> <span class='ocrx_word' id='word_1_142' title='bbox 738 2593 793 2639; x_wconf 93' lang='lat' dir='ltr'><strong>nos</strong></span> <span class='ocrx_word' id='word_1_143' title='bbox 817 2594 891 2639; x_wconf 90' lang='lat' dir='ltr'><strong>vero</strong></span> <span class='ocrx_word' id='word_1_144' title='bbox 914 2577 1186 2658; x_wconf 87' lang='lat' dir='ltr'><strong>impraesentiarum</strong></span> <span class='ocrx_word' id='word_1_145' title='bbox 1214 2579 1379 2640; x_wconf 89' lang='lat' dir='ltr'><strong>summatim</strong></span> <span class='ocrx_word' id='word_1_146' title='bbox 1402 2577 1482 2641; x_wconf 90' lang='lat' dir='ltr'><strong>indi-</strong></span> 
     </span>
     <span class='ocr_line' id='line_1_19' title="bbox 351 2680 1481 2765; baseline -0.003 -18"><span class='ocrx_word' id='word_1_147' title='bbox 351 2683 490 2747; x_wconf 86' lang='lat' dir='ltr'><strong>cavimus</strong></span> <span class='ocrx_word' id='word_1_148' title='bbox 507 2698 561 2764; x_wconf 90' lang='lat' dir='ltr'><strong>per</strong></span> <span class='ocrx_word' id='word_1_149' title='bbox 577 2680 698 2743; x_wconf 84' lang='lat' dir='ltr'><strong>fratrem</strong></span> <span class='ocrx_word' id='word_1_150' title='bbox 714 2687 847 2744; x_wconf 84' lang='lat' dir='ltr'><strong>nostrum</strong></span> <span class='ocrx_word' id='word_1_151' title='bbox 862 2681 1002 2744; x_wconf 89' lang='lat' dir='ltr'><strong>Marcum.</strong></span> <span class='ocrx_word' id='word_1_152' title='bbox 1028 2684 1111 2757; x_wconf 80' lang='lat' dir='ltr'><strong>Quae</strong></span> <span class='ocrx_word' id='word_1_153' title='bbox 1127 2681 1245 2763; x_wconf 84' lang='lat' dir='ltr'><strong>quidem</strong></span> <span class='ocrx_word' id='word_1_154' title='bbox 1259 2701 1325 2745; x_wconf 91' lang='lat' dir='ltr'><strong>cum</strong></span> <span class='ocrx_word' id='word_1_155' title='bbox 1338 2682 1481 2765; x_wconf 69' lang='lat' dir='ltr'><strong>legeritis,</strong></span> 
     </span>
     <span class='ocr_line' id='line_1_20' title="bbox 351 2785 1481 2869; baseline -0.003 -19"><span class='ocrx_word' id='word_1_156' title='bbox 351 2787 512 2869; x_wconf 88' lang='lat' dir='ltr'><strong>epistolam</strong></span> <span class='ocrx_word' id='word_1_157' title='bbox 536 2786 675 2850; x_wconf 88' lang='lat' dir='ltr'><strong>iratribus</strong></span> <span class='ocrx_word' id='word_1_158' title='bbox 698 2787 907 2849; x_wconf 88' lang='lat' dir='ltr'><strong>remotioribus</strong></span> <span class='ocrx_word' id='word_1_159' title='bbox 933 2785 1171 2865; x_wconf 87' lang='lat' dir='ltr'><strong>⁵transmittatis,</strong></span> <span class='ocrx_word' id='word_1_160' title='bbox 1195 2794 1226 2850; x_wconf 89' lang='lat' dir='ltr'><strong>ut</strong></span> <span class='ocrx_word' id='word_1_161' title='bbox 1249 2794 1279 2849; x_wconf 89' lang='lat' dir='ltr'><strong>et</strong></span> <span class='ocrx_word' id='word_1_162' title='bbox 1304 2787 1359 2869; x_wconf 90' lang='lat' dir='ltr'><strong>ipsi</strong></span> <span class='ocrx_word' id='word_1_163' title='bbox 1382 2787 1481 2867; x_wconf 78' lang='lat' dir='ltr'><strong>glori-</strong></span> 
     </span>
     <span class='ocr_line' id='line_1_21' title="bbox 350 2885 1482 2973; baseline -0.003 -17"><span class='ocrx_word' id='word_1_164' title='bbox 350 2892 448 2956; x_wconf 83' lang='lat' dir='ltr'><strong>ficent</strong></span> <span class='ocrx_word' id='word_1_165' title='bbox 470 2892 635 2971; x_wconf 89' lang='lat' dir='ltr'><strong>Dominum,</strong></span> <span class='ocrx_word' id='word_1_166' title='bbox 659 2888 735 2973; x_wconf 85' lang='lat' dir='ltr'><strong>6qui</strong></span> <span class='ocrx_word' id='word_1_167' title='bbox 758 2910 797 2954; x_wconf 86' lang='lat' dir='ltr'><strong>ex</strong></span> <span class='ocrx_word' id='word_1_168' title='bbox 820 2892 882 2954; x_wconf 90' lang='lat' dir='ltr'><strong>suis</strong></span> <span class='ocrx_word' id='word_1_169' title='bbox 907 2891 1021 2955; x_wconf 84' lang='lat' dir='ltr'><strong>famulis</strong></span> <span class='ocrx_word' id='word_1_170' title='bbox 1046 2892 1191 2957; x_wconf 88' lang='lat' dir='ltr'><strong>delectum</strong></span> <span class='ocrx_word' id='word_1_171' title='bbox 1215 2891 1293 2953; x_wconf 84' lang='lat' dir='ltr'><strong>iacit.</strong></span> <span class='ocrx_word' id='word_1_172' title='bbox 1340 2885 1408 2969; x_wconf 65' lang='lat' dir='ltr'><strong>lat,</strong></span> <span class='ocrx_word' id='word_1_173' title='bbox 1432 2891 1482 2971; x_wconf 92' lang='lat' dir='ltr'><strong>qui</strong></span> 
     </span>
     <span class='ocr_line' id='line_1_22' title="bbox 325 2978 1481 3080; baseline -0.003 -19"><span class='ocrx_word' id='word_1_174' title='bbox 325 2978 465 3073; x_wconf 44' lang='lat' dir='ltr'><strong>&#39;omnes</strong></span> <span class='ocrx_word' id='word_1_175' title='bbox 502 3015 558 3060; x_wconf 94' lang='lat' dir='ltr'><strong>nos</strong></span> <span class='ocrx_word' id='word_1_176' title='bbox 595 2999 689 3080; x_wconf 85' lang='lat' dir='ltr'><strong>gratia</strong></span> <span class='ocrx_word' id='word_1_177' title='bbox 728 3016 782 3060; x_wconf 93' lang='lat' dir='ltr'><strong>sua</strong></span> <span class='ocrx_word' id='word_1_178' title='bbox 819 3003 907 3077; x_wconf 88' lang='lat' dir='ltr'><strong>atque</strong></span> <span class='ocrx_word' id='word_1_179' title='bbox 945 2996 1126 3080; x_wconf 88' lang='lat' dir='ltr'><strong>indulgentia</strong></span> <span class='ocrx_word' id='word_1_180' title='bbox 1164 2999 1194 3060; x_wconf 92' lang='lat' dir='ltr'><strong>in</strong></span> <span class='ocrx_word' id='word_1_181' title='bbox 1233 3015 1358 3080; x_wconf 86' lang='lat' dir='ltr'><strong>regnum</strong></span> <span class='ocrx_word' id='word_1_182' title='bbox 1395 3014 1481 3059; x_wconf 93' lang='lat' dir='ltr'><strong>suum</strong></span> 
     </span>
     <span class='ocr_line' id='line_1_23' title="bbox 346 3102 1481 3186; baseline -0.003 -18"><span class='ocrx_word' id='word_1_183' title='bbox 346 3110 513 3169; x_wconf 86' lang='lat' dir='ltr'><strong>aeternum</strong></span> <span class='ocrx_word' id='word_1_184' title='bbox 543 3109 643 3185; x_wconf 88' lang='lat' dir='ltr'><strong>potest</strong></span> <span class='ocrx_word' id='word_1_185' title='bbox 673 3102 816 3166; x_wconf 91' lang='lat' dir='ltr'><strong>inducere</strong></span> <span class='ocrx_word' id='word_1_186' title='bbox 846 3122 900 3185; x_wconf 89' lang='lat' dir='ltr'><strong>per</strong></span> <span class='ocrx_word' id='word_1_187' title='bbox 929 3105 1113 3186; x_wconf 86' lang='lat' dir='ltr'><strong>unigenitum</strong></span> <span class='ocrx_word' id='word_1_188' title='bbox 1145 3104 1234 3167; x_wconf 90' lang='lat' dir='ltr'><strong>lilium</strong></span> <span class='ocrx_word' id='word_1_189' title='bbox 1264 3123 1349 3167; x_wconf 91' lang='lat' dir='ltr'><strong>suum</strong></span> <span class='ocrx_word' id='word_1_190' title='bbox 1378 3103 1481 3166; x_wconf 89' lang='lat' dir='ltr'><strong>lesum</strong></span> 
     </span>
     <span class='ocr_line' id='line_1_24' title="bbox 351 3208 1480 3295; baseline -0.001 -24"><span class='ocrx_word' id='word_1_191' title='bbox 351 3209 524 3295; x_wconf 82' lang='lat' dir='ltr'><strong>Christum,</strong></span> <span class='ocrx_word' id='word_1_192' title='bbox 547 3208 604 3290; x_wconf 90' lang='lat' dir='ltr'><strong>ipsi</strong></span> <span class='ocrx_word' id='word_1_193' title='bbox 626 3210 665 3271; x_wconf 89' lang='lat' dir='ltr'><strong>sit</strong></span> <span class='ocrx_word' id='word_1_194' title='bbox 686 3209 792 3292; x_wconf 87' lang='lat' dir='ltr'><strong>gloria,</strong></span> <span class='ocrx_word' id='word_1_195' title='bbox 816 3208 923 3288; x_wconf 87' lang='lat' dir='ltr'><strong>honor,</strong></span> <span class='ocrx_word' id='word_1_196' title='bbox 947 3210 1115 3291; x_wconf 89' lang='lat' dir='ltr'><strong>imperium,</strong></span> <span class='ocrx_word' id='word_1_197' title='bbox 1138 3211 1293 3291; x_wconf 88' lang='lat' dir='ltr'><strong>majestas,</strong></span> <span class='ocrx_word' id='word_1_198' title='bbox 1317 3210 1347 3271; x_wconf 92' lang='lat' dir='ltr'><strong>in</strong></span> <span class='ocrx_word' id='word_1_199' title='bbox 1370 3208 1480 3270; x_wconf 87' lang='lat' dir='ltr'><strong>seoula.</strong></span> 
     </span>
     <span class='ocr_line' id='line_1_25' title="bbox 349 3313 1480 3395; baseline -0.004 -16"><span class='ocrx_word' id='word_1_200' title='bbox 349 3313 470 3379; x_wconf 80' lang='lat' dir='ltr'><strong>Amenl</strong></span> <span class='ocrx_word' id='word_1_201' title='bbox 516 3313 647 3378; x_wconf 89' lang='lat' dir='ltr'><strong>Salutate</strong></span> <span class='ocrx_word' id='word_1_202' title='bbox 685 3331 789 3376; x_wconf 92' lang='lat' dir='ltr'><strong>omnes</strong></span> <span class='ocrx_word' id='word_1_203' title='bbox 826 3323 955 3378; x_wconf 85' lang='lat' dir='ltr'><strong>sanctos.</strong></span> <span class='ocrx_word' id='word_1_204' title='bbox 1002 3315 1082 3392; x_wconf 88' lang='lat' dir='ltr'><strong>llos,</strong></span> <span class='ocrx_word' id='word_1_205' title='bbox 1122 3315 1171 3395; x_wconf 90' lang='lat' dir='ltr'><strong>qui</strong></span> <span class='ocrx_word' id='word_1_206' title='bbox 1210 3314 1364 3376; x_wconf 87' lang='lat' dir='ltr'><strong>nobiscum</strong></span> <span class='ocrx_word' id='word_1_207' title='bbox 1402 3319 1480 3393; x_wconf 90' lang='lat' dir='ltr'><strong>sunt,</strong></span> 
     </span>
     <span class='ocr_line' id='line_1_26' title="bbox 349 3418 1444 3500; baseline -0.006 -14"><span class='ocrx_word' id='word_1_208' title='bbox 349 3420 493 3499; x_wconf 81' lang='lat' dir='ltr'><strong>salutant,</strong></span> <span class='ocrx_word' id='word_1_209' title='bbox 517 3419 619 3499; x_wconf 89' lang='lat' dir='ltr'><strong>etqui</strong></span> <span class='ocrx_word' id='word_1_210' title='bbox 643 3419 762 3500; x_wconf 85' lang='lat' dir='ltr'><strong>scripsit</strong></span> <span class='ocrx_word' id='word_1_211' title='bbox 782 3418 867 3500; x_wconf 88' lang='lat' dir='ltr'><strong>haec,</strong></span> <span class='ocrx_word' id='word_1_212' title='bbox 893 3419 1054 3484; x_wconf 85' lang='lat' dir='ltr'><strong>Euarestus</strong></span> <span class='ocrx_word' id='word_1_213' title='bbox 1077 3438 1143 3482; x_wconf 90' lang='lat' dir='ltr'><strong>cum</strong></span> <span class='ocrx_word' id='word_1_214' title='bbox 1167 3420 1245 3481; x_wconf 91' lang='lat' dir='ltr'><strong>omni</strong></span> <span class='ocrx_word' id='word_1_215' title='bbox 1269 3419 1356 3482; x_wconf 90' lang='lat' dir='ltr'><strong>domo</strong></span> <span class='ocrx_word' id='word_1_216' title='bbox 1380 3435 1444 3481; x_wconf 90' lang='lat' dir='ltr'><strong>sua.</strong></span> 
     </span>
    </p>
   </div>
   <div class='ocr_carea' id='block_1_7' title="bbox 710 3610 1126 3694">
    <p class='ocr_par' dir='ltr' id='par_1_12' title="bbox 710 3610 1126 3694">
     <span class='ocr_line' id='line_1_27' title="bbox 710 3610 1126 3694; baseline 0.005 -21"><span class='ocrx_word' id='word_1_217' title='bbox 710 3610 786 3673; x_wconf 89' lang='lat' dir='ltr'><strong>XXl.</strong></span> <span class='ocrx_word' id='word_1_218' title='bbox 831 3612 980 3694; x_wconf 82' lang='lat' dir='ltr'><strong>Martyrii</strong></span> <span class='ocrx_word' id='word_1_219' title='bbox 1002 3620 1126 3694; x_wconf 81' lang='lat' dir='ltr'><strong>tempus.</strong></span> 
     </span>
    </p>
   </div>
   <div class='ocr_carea' id='block_1_8' title="bbox 446 3727 1481 3819">
    <p class='ocr_par' dir='ltr' id='par_1_13' title="bbox 446 3727 1481 3819">
     <span class='ocr_line' id='line_1_28' title="bbox 446 3727 1481 3819; baseline -0.002 -21"><span class='ocrx_word' id='word_1_220' title='bbox 446 3735 617 3818; x_wconf 74' lang='lat' dir='ltr'><strong>Martyrium</strong></span> <span class='ocrx_word' id='word_1_221' title='bbox 647 3741 743 3798; x_wconf 88' lang='lat' dir='ltr'><strong>autern</strong></span> <span class='ocrx_word' id='word_1_222' title='bbox 771 3753 878 3817; x_wconf 90' lang='lat' dir='ltr'><strong>passus</strong></span> <span class='ocrx_word' id='word_1_223' title='bbox 909 3742 956 3800; x_wconf 93' lang='lat' dir='ltr'><strong>est</strong></span> <span class='ocrx_word' id='word_1_224' title='bbox 982 3737 1086 3799; x_wconf 86' lang='lat' dir='ltr'><strong>beatus</strong></span> <span class='ocrx_word' id='word_1_225' title='bbox 1109 3734 1290 3819; x_wconf 88' lang='lat' dir='ltr'><strong>Polycarpus</strong></span> <span class='ocrx_word' id='word_1_226' title='bbox 1313 3727 1481 3796; x_wconf 79' lang='lat' dir='ltr'><strong>⁸Xanlhioi</strong></span> 
     </span>
    </p>
   </div>
   <div class='ocr_carea' id='block_1_9' title="bbox 334 3936 1573 4452">
    <p class='ocr_par' dir='ltr' id='par_1_14' title="bbox 348 3936 1481 4012">
     <span class='ocr_line' id='line_1_29' title="bbox 348 3936 1481 4012; baseline 0 -19"><span class='ocrx_word' id='word_1_227' title='bbox 348 3938 475 4010; x_wconf 76' lang='grc' dir='ltr'><em>πανᾶγιον</em></span> <span class='ocrx_word' id='word_1_228' title='bbox 490 3942 530 3990; x_wconf 77' lang='grc' dir='ltr'><strong>καὶ</strong></span> <span class='ocrx_word' id='word_1_229' title='bbox 549 3936 787 4006; x_wconf 70' lang='grc' dir='ltr'><em>ζωοποιδνΠνεῦμα.</em></span> <span class='ocrx_word' id='word_1_230' title='bbox 806 3947 904 3994; x_wconf 82' lang='lat' dir='ltr'><strong>Jacoa·</strong></span> <span class='ocrx_word' id='word_1_231' title='bbox 967 3943 996 4011; x_wconf 85' lang='grc'><strong>6)</strong></span> <span class='ocrx_word' id='word_1_232' title='bbox 1021 3943 1040 3994; x_wconf 83' lang='lat'><strong>1.</strong></span> <span class='ocrx_word' id='word_1_233' title='bbox 1061 3959 1084 3994; x_wconf 85' lang='lat' dir='ltr'><strong>e.</strong></span> <span class='ocrx_word' id='word_1_234' title='bbox 1110 3945 1157 4012; x_wconf 82' lang='lat' dir='ltr'><strong>qm&#39;</strong></span> <span class='ocrx_word' id='word_1_235' title='bbox 1179 3945 1323 3996; x_wconf 75' lang='lat' dir='ltr'><strong>nonnullae</strong></span> <span class='ocrx_word' id='word_1_236' title='bbox 1341 3957 1355 3994; x_wconf 78' lang='lat' dir='ltr'><strong>a</strong></span> <span class='ocrx_word' id='word_1_237' title='bbox 1371 3955 1481 3993; x_wconf 73' lang='lat' dir='ltr'><strong>numero</strong></span> 
     </span>
    </p>

    <p class='ocr_par' dir='ltr' id='par_1_15' title="bbox 351 4020 1404 4102">
     <span class='ocr_line' id='line_1_30' title="bbox 351 4020 1404 4102; baseline -0.008 -16"><span class='ocrx_word' id='word_1_238' title='bbox 351 4050 414 4086; x_wconf 82' lang='lat' dir='ltr'><strong>son.</strong></span> <span class='ocrx_word' id='word_1_239' title='bbox 441 4020 561 4083; x_wconf 45' lang='lat' dir='ltr'><strong>ln‘veteri</strong></span> <span class='ocrx_word' id='word_1_240' title='bbox 576 4029 623 4082; x_wconf 85' lang='lat' dir='ltr'><strong>lnt.</strong></span> <span class='ocrx_word' id='word_1_241' title='bbox 642 4029 748 4097; x_wconf 80' lang='lat' dir='ltr'><strong>legitur:</strong></span> <span class='ocrx_word' id='word_1_242' title='bbox 768 4040 791 4084; x_wconf 82' lang='lat' dir='ltr'><strong>at</strong></span> <span class='ocrx_word' id='word_1_243' title='bbox 809 4034 904 4100; x_wconf 76' lang='lat' dir='ltr'><strong>spiri·</strong></span> <span class='ocrx_word' id='word_1_244' title='bbox 931 4034 1046 4102; x_wconf 74' lang='lat' dir='ltr'><strong>fidolium</strong></span> <span class='ocrx_word' id='word_1_245' title='bbox 1065 4035 1099 4084; x_wconf 84' lang='lat' dir='ltr'><strong>ud</strong></span> <span class='ocrx_word' id='word_1_246' title='bbox 1116 4033 1275 4100; x_wconf 78' lang='lat' dir='ltr'><strong>martyrium</strong></span> <span class='ocrx_word' id='word_1_247' title='bbox 1292 4029 1404 4082; x_wconf 81' lang='lat' dir='ltr'><strong>vocavit.</strong></span> 
     </span>
    </p>

    <p class='ocr_par' dir='ltr' id='par_1_16' title="bbox 350 4106 1480 4187">
     <span class='ocr_line' id='line_1_31' title="bbox 350 4106 1480 4187; baseline -0.01 -11"><span class='ocrx_word' id='word_1_248' title='bbox 350 4131 412 4176; x_wconf 80' lang='lat' dir='ltr'><strong>lum</strong></span> <span class='ocrx_word' id='word_1_249' title='bbox 446 4128 582 4184; x_wconf 70' lang='lat' dir='ltr'><strong>tanetum,</strong></span> <span class='ocrx_word' id='word_1_250' title='bbox 618 4133 666 4187; x_wconf 80' lang='lat' dir='ltr'><strong>par</strong></span> <span class='ocrx_word' id='word_1_251' title='bbox 701 4135 775 4187; x_wconf 79' lang='lat' dir='ltr'><strong>quom</strong></span> <span class='ocrx_word' id='word_1_252' title='bbox 812 4127 905 4172; x_wconf 77' lang='lat' dir='ltr'><strong>anneta</strong></span> <span class='ocrx_word' id='word_1_253' title='bbox 967 4119 996 4185; x_wconf 82' lang='lat'><strong>7]</strong></span> <span class='ocrx_word' id='word_1_254' title='bbox 1020 4119 1059 4184; x_wconf 76' lang='grc' dir='ltr'><strong>Τῷ</strong></span> <span class='ocrx_word' id='word_1_255' title='bbox 1076 4148 1109 4154; x_wconf 99' lang='grc'>-</span> <span class='ocrx_word' id='word_1_256' title='bbox 1128 4106 1154 4183; x_wconf 73' lang='grc' dir='ltr'><strong>ᾧ.</strong></span> <span class='ocrx_word' id='word_1_257' title='bbox 1188 4115 1265 4169; x_wconf 88' lang='lat' dir='ltr'><strong>Simili</strong></span> <span class='ocrx_word' id='word_1_258' title='bbox 1291 4114 1480 4165; x_wconf 83' lang='lat' dir='ltr'><strong>construetione</strong></span> 
     </span>
    </p>

    <p class='ocr_par' dir='ltr' id='par_1_17' title="bbox 334 4199 1573 4359">
     <span class='ocr_line' id='line_1_32' title="bbox 334 4199 1573 4279; baseline -0.013 -15"><span class='ocrx_word' id='word_1_259' title='bbox 334 4209 551 4279; x_wconf 71' lang='lat' dir='ltr'><strong>eopnoaot&#39;anua·</strong></span> <span class='ocrx_word' id='word_1_260' title='bbox 931 4208 1007 4257; x_wconf 88' lang='lat' dir='ltr'><strong>utitur</strong></span> <span class='ocrx_word' id='word_1_261' title='bbox 1032 4204 1063 4258; x_wconf 83' lang='lat'><strong>1).</strong></span> <span class='ocrx_word' id='word_1_262' title='bbox 1088 4204 1179 4256; x_wconf 89' lang='lat' dir='ltr'><strong>Paulus</strong></span> <span class='ocrx_word' id='word_1_263' title='bbox 1206 4201 1278 4254; x_wconf 83' lang='lat' dir='ltr'><strong>Rom.</strong></span> <span class='ocrx_word' id='word_1_264' title='bbox 1301 4202 1348 4267; x_wconf 86' lang='lat'><strong>16,</strong></span> <span class='ocrx_word' id='word_1_265' title='bbox 1367 4199 1480 4252; x_wconf 80' lang='lat'><strong>25-27.</strong></span> <span class='ocrx_word' id='word_1_266' title='bbox 1571 4242 1573 4246; x_wconf 95' lang='lat'>.</span> 
     </span>
     <span class='ocr_line' id='line_1_33' title="bbox 388 4291 1073 4359; baseline -0.001 -13"><span class='ocrx_word' id='word_1_267' title='bbox 388 4297 418 4359; x_wconf 87' lang='lat'><strong>5)</strong></span> <span class='ocrx_word' id='word_1_268' title='bbox 449 4293 566 4348; x_wconf 85' lang='lat' dir='ltr'><strong>Uaaeriua</strong></span> <span class='ocrx_word' id='word_1_269' title='bbox 598 4303 625 4346; x_wconf 88' lang='lat' dir='ltr'><strong>et</strong></span> <span class='ocrx_word' id='word_1_270' title='bbox 654 4293 772 4346; x_wconf 88' lang='lat' dir='ltr'><strong>Smithius</strong></span> <span class='ocrx_word' id='word_1_271' title='bbox 802 4291 905 4346; x_wconf 86' lang='lat' dir='ltr'><strong>mallent</strong></span> <span class='ocrx_word' id='word_1_272' title='bbox 930 4299 1073 4346; x_wconf 84' lang='lat' dir='ltr'><strong>Jacoasor.</strong></span> 
     </span>
    </p>

    <p class='ocr_par' dir='ltr' id='par_1_18' title="bbox 350 4374 1479 4452">
     <span class='ocr_line' id='line_1_34' title="bbox 350 4374 1479 4452; baseline -0.004 -18"><span class='ocrx_word' id='word_1_273' title='bbox 350 4381 519 4452; x_wconf 68' lang='grc' dir='ltr'><strong>διαπέμψαιτο.</strong></span> <span class='ocrx_word' id='word_1_274' title='bbox 545 4386 689 4435; x_wconf 83' lang='lat' dir='ltr'><strong>Jaconson.</strong></span> <span class='ocrx_word' id='word_1_275' title='bbox 903 4390 909 4398; x_wconf 86' lang='grc'><em>·</em></span> <span class='ocrx_word' id='word_1_276' title='bbox 965 4380 994 4449; x_wconf 77' lang='grc'><strong>8)</strong></span> <span class='ocrx_word' id='word_1_277' title='bbox 1014 4381 1145 4448; x_wconf 73' lang='lat' dir='ltr'><strong>Smyrnaei</strong></span> <span class='ocrx_word' id='word_1_278' title='bbox 1163 4396 1178 4433; x_wconf 90' lang='lat' dir='ltr'><strong>a</strong></span> <span class='ocrx_word' id='word_1_279' title='bbox 1196 4379 1229 4432; x_wconf 79' lang='lat'><strong>25</strong></span> <span class='ocrx_word' id='word_1_280' title='bbox 1249 4380 1292 4431; x_wconf 86' lang='lat' dir='ltr'><strong>die</strong></span> <span class='ocrx_word' id='word_1_281' title='bbox 1309 4376 1391 4431; x_wconf 80' lang='lat' dir='ltr'><strong>Martii</strong></span> <span class='ocrx_word' id='word_1_282' title='bbox 1408 4374 1479 4429; x_wconf 82' lang='lat' dir='ltr'><strong>Xan·</strong></span> 
     </span>
    </p>
   </div>
   <div class='ocr_carea' id='block_1_10' title="bbox 0 0 1834 5209">
    <p class='ocr_par' dir='ltr' id='par_1_19' title="bbox 0 0 1834 5209">
     <span class='ocr_line' id='line_1_35' title="bbox 0 0 1834 5209; baseline 0 1"><span class='ocrx_word' id='word_1_283' title='bbox 0 0 1834 5209; x_wconf 95' lang='lat' dir='ltr'><strong> </strong></span> 
     </span>
    </p>
   </div>
  </div>
 </body>
</html>
