3659 5209
347 527 411 593 366
514 550 526 566 s
555 519 695 575 urruns
713 518 848 575 nasson.
885 518 982 573 rrarn
1001 492 1040 572 u'
1056 516 1226 575 vnumum.
1243 519 1276 573 rr

349 683 515 765 intelligo.“
563 680 693 763 ,hudi,“
717 681 895 763 inquit,.„et
911 680 1056 762 intellige.
1102 679 1149 760 lli,
1178 680 1234 762 qui
1248 698 1407 762 numquam
1421 699 1468 744 cr·

345 789 515 869 *quisierunt
530 789 697 866 veritatem,
719 804 818 868 neque
834 787 1031 868 inquisierunt
1047 788 1085 850 de
1101 787 1279 868 majestate,
1304 785 1361 849 sed
1378 792 1470 850 tanmu

349 892 550 972 crediderunt,
572 899 640 956 sunt
662 892 786 956 involuti
809 892 839 954 ln
868 889 1017 974 ¹ncgotiis
1033 890 1190 954 hominum
1209 891 1410 956 ethnicorum.
1443 890 1472 954 llt

350 997 423 1060 alius
447 992 610 1060 lmentari
625 997 790 1078 Prophetes
814 1003 876 1075 est,
904 997 953 1079 qui
976 997 1074 1079 perdit
1096 1013 1210 1059 sensus
1234 1014 1400 1061 servorum
1420 997 1472 1074 ltei,

351 1100 507 1164 dubiorum
533 1108 641 1181 autem,
665 1119 724 1165 non
749 1101 874 1182 illorum,
896 1103 949 1182 qui
971 1100 1064 1163 fidunt
1086 1102 1116 1163 in
1138 1101 1278 1164 Domino
1303 1101 1402 1182 plene.
1439 1100 1473 1162 llli

331 1223 425 1290 -crgo
449 1205 529 1268 dubii
552 1206 637 1286 quasi
665 1206 703 1268 ad
734 1205 864 1268 divinum
888 1206 1027 1288 Spiritum
1058 1206 1204 1284 veniunt,
1239 1213 1275 1268 ct
1302 1207 1474 1290 interrogant

349 1310 440 1389 illum,
464 1309 534 1391 quid
557 1310 614 1373 illis
638 1309 768 1383 futurum
791 1311 837 1372 sit.
882 1310 919 1372 Et
941 1310 990 1372 ille
1012 1309 1141 1372 mendax
1163 1309 1356 1391 Prophetes,
1382 1310 1475 1373 nullm

350 1414 464 1476 habens
494 1414 524 1475 in
552 1432 587 1477 sc
617 1415 755 1478 virtutem
778 1413 905 1496 Spiritus
936 1413 1046 1493 divini,
1075 1412 1211 1494 loquitur
1234 1412 1303 1476 illis
1329 1412 1475 1476 secuudum

350 1518 614 1601 interrogationem
647 1519 780 1599 illorum,
815 1526 846 1581 et
878 1519 979 1600 implet
1012 1518 1123 1581 animas
1156 1518 1287 1582 illorum
1322 1518 1476 1600 promissis,

351 1624 427 1687 sicut
449 1624 489 1686 illi
513 1623 626 1686 volunt.
670 1622 722 1687 llle
747 1631 843 1686 autem
862 1623 1027 1705 Prophetes
1050 1622 1144 1686 inanis
1170 1629 1237 1701 est,
1257 1629 1290 1686 et
1315 1622 1414 1686 inania
1434 1639 1476 1684 re-

353 1727 483 1808 spondet
498 1727 641 1789 inanibus.
679 1727 828 1809 Quidquid
852 1727 930 1790 enim
949 1728 1151 1809 interrogatur
1167 1744 1184 1788 a
1201 1727 1295 1790 vanis
1312 1727 1475 1803 hominibus

310 1908 324 1919 ⁸
352 1849 428 1893 vana
444 1831 608 1912 respondet
623 1831 689 1894 illis.
725 1827 903 1906 ³Quaedam
919 1839 1017 1894 autem
1034 1831 1125 1894 verba
1136 1848 1216 1896 ¹vera
1233 1830 1385 1912 loquitur.
1417 1831 1475 1892 oia-

352 1935 440 1997 bolus
465 1935 544 1996 enim
566 1934 667 2015 implet
683 1953 749 1997 eum
766 1936 871 2017 spiritu
886 1953 954 2016 suo,
978 1941 1010 1998 ut
1025 1935 1144 2017 dejiciat
1157 1934 1297 2016 aliquem
1315 1954 1358 2000 ex
1373 1934 1474 2018 mstis}

439 2037 472 2100 ll.
513 2039 719 2121 ,Quicumque
743 2057 818 2121 ergo
842 2039 938 2101 fortes
962 2045 1031 2100 sunt
1053 2039 1082 2099 in
1105 2036 1166 2100 fide
1180 2038 1319 2118 Domini,
1346 2046 1379 2102 et
1400 2037 1475 2101 induti

353 2149 422 2206 sunt
443 2144 614 2224 veritatem,
646 2144 752 2207 talibus
775 2143 926 2224 spiritibus
949 2160 1009 2205 non
1028 2143 1214 2224 junguntur,
1250 2143 1309 2206 sed
1334 2142 1476 2207 discedmt

353 2249 389 2310 ab
414 2247 479 2311 illis.
524 2249 676 2328 Quotquot
696 2255 796 2334 ‘autem
827 2246 908 2309 dubii
937 2253 1023 2326 suut,
1055 2253 1085 2309 et
1114 2245 1245 2309 subinde
1274 2248 1475 2330 poenitentium

354 2358 455 2435 agunt,
478 2353 635 2415 consulunt
658 2349 820 2432 ⁴tanquam
843 2351 962 2430 ethnici,
985 2356 1015 2413 et
1037 2367 1234 2433 permaguum
1255 2351 1316 2413 sibi
1335 2358 1476 2433 peccatum

355 2463 533 2538 congerunt,
556 2456 643 2519 idolis
665 2458 844 2520 servientes.
889 2455 1071 2532 Quicumque
1092 2472 1167 2536 ergo
1186 2454 1266 2517 tales
1286 2463 1373 2539 suut,
1395 2457 1475 2518 inter·

355 2567 464 2643 rogant
486 2579 542 2642 pro
565 2562 688 2644 negotio
712 2561 860 2642 quolibet,
884 2559 1040 2622 simulacra
1064 2559 1175 2637 colunt,
1201 2565 1235 2621 et
1259 2560 1349 2623 stulti
1374 2562 1476 2625 suntet

357 2665 459 2727 inanes
483 2684 499 2727 a
522 2666 657 2738 veritate.
704 2664 806 2728 Omnis
822 2665 899 2728 enim
915 2665 1035 2747 spiritus
1052 2684 1068 2728 a
1083 2660 1147 2727 Deo
1167 2663 1258 2727 datus
1279 2684 1347 2730 uon
1371 2664 1476 2728 ⁵inter·

355 2776 480 2852 rogatur
487 2791 496 2847 ;
529 2769 583 2833 sed
606 2769 719 2833 habens
742 2770 879 2833 virtutem
902 2769 1078 2848 divinitatis,
1110 2788 1127 2834 a
1156 2784 1191 2830 se
1218 2770 1325 2832 omnia
1350 2769 1476 2852 loquitur,

356 2875 425 2954 quia
448 2875 603 2938 desursum
629 2881 712 2938 est-a
736 2875 843 2937 virtute
873 2873 965 2937 divini
994 2875 1123 2955 spiritus.
1167 2872 1226 2946 Oui
1255 2881 1363 2937 autem
1393 2875 1477 2936 intar-

356 2987 499 3062 rogatus,
528 2981 660 3062 loquitur
681 2979 844 3044 secundum
868 2978 1067 3058 desiderium,
1099 2982 1129 3039 ct
1150 2971 1246 3038 ⁶aliis
1271 2978 1376 3041 multis
1398 2977 1476 3040 rebus

356 3085 444 3167 hujus
467 3086 568 3148 seculi.
613 3085 788 3169 Hujusmodi
804 3104 864 3149 nou
879 3083 1048 3164 intelligunt
1071 3076 1290 3162 'quaestiones
1309 3081 1476 3155 divinitatis;

356 3190 553 3253 obscurantur
569 3190 646 3252 enim
662 3191 853 3272 iis-negotiis,
878 3196 907 3251 et
924 3192 1163 3267 corrumpuntur,
1186 3191 1216 3246 et
1240 3185 1476 3270 confringuntur.

356 3291 438 3356 Sicut
452 3294 528 3356 vites
543 3294 651 3373 bonae,
667 3311 743 3374 quae
759 3294 965 3374 negliguntur,
976 3293 1013 3354 ab
1028 3291 1130 3353 herbis
1146 3296 1177 3352 et
1192 3289 1288 3370 spinis
1310 3295 1478 3371 premuntur

357 3404 386 3459 et
408 3405 553 3463 necantur
559 3418 569 3474 ;
593 3399 638 3485 sic
660 3403 691 3459 et
712 3397 858 3477 homines,
882 3396 1060 3478 quitatibus
1083 3391 1288 3473 crediderunt,
1314 3394 1338 3456 ii
1358 3391 1478 3478 negotiis

356 3566 434 3633 ducit,
454 3577 481 3618 ut
499 3584 521 3619 c.
540 3566 574 3634 3,
592 3569 741 3638 praesertim
762 3569 786 3619 iu
805 3567 902 3620 Gracco
931 3566 1044 3619 Eandem
1072 3566 1210 3618 doctrinam
1236 3565 1360 3633 reperies
1379 3567 1405 3616 in
1423 3565 1478 3618 Cla·

356 3654 555 3707 demonstratur!
583 3651 642 3717 αὕτη
665 3649 709 3703 οὖν
727 3652 741 3718 ἦ
757 3652 820 3717 λύπη
836 3652 904 3703 δοκεῖ
929 3656 1023 3708 mantio
1042 3657 1155 3723 ascopa.
1177 3650 1220 3717 tv,
1234 3651 1278 3702 21.
1292 3652 1340 3705 22.
1355 3644 1431 3716 ¹VIII,
1442 3648 1479 3700 oo.

356 3740 473 3805 σωτηρίαν
490 3739 566 3805 ἔχειν,
591 3736 628 3788 ὅτι
646 3735 676 3788 τὸ
694 3726 805 3807 πονηρόν
816 3737 903 3808 πράξας
930 3730 1173 3795 Pseudo-Antros.
1195 3736 1228 3790 sd
1248 3736 1260 3791 1
1279 3737 1373 3792 Thau.
1392 3739 1424 3803 5,
1443 3732 1480 3787 21.

356 3821 506 3892 μετενόησεν.
544 3822 595 3877 cfr.
613 3822 710 3878 ssCor.
728 3826 753 3892 7,
773 3827 814 3878 10.
930 3829 1028 3888 Gorru.
1055 3872 1057 3876 .

393 3911 421 3978 1)
442 3910 578 3964 Terrestris
598 3922 686 3965 curant
704 3916 769 3966 sicut
786 3913 890 3966 ethuici.
964 3915 995 3981 d)
1013 3911 1053 3965 Sc.
1073 3915 1153 3966 hocce
1169 3917 1327 3982 prophatae.
1363 3949 1369 3955 -

383 3997 420 4060 ¹2)
441 3994 480 4048 Dc
505 3996 600 4064 duplici
620 3997 755 4070 Prophetia
774 3999 819 4052 cir.
838 3999 902 4052 inira
964 3999 993 4064 5)
1012 3997 1031 4051 l.
1045 4013 1068 4050 e.
1087 3999 1145 4066 ipra
1162 4001 1294 4067 loquitur,
1314 4015 1369 4054 nou
1389 4014 1480 4070 aquo·

357 4079 489 4136 blaudlll
506 4083 633 4138 ctllomil.
651 4089 901 4142 Pecudc-Olcmant.
930 4086 995 4154 piam
1013 4086 1082 4154 prius
1101 4084 1297 4154 interrogandus
1317 4095 1370 4139 est.

244 4197 249 4203 ·
357 4164 388 4232 ll,
409 4168 440 4239 15
460 4177 486 4220 ct
502 4168 545 4235 tlt,
564 4171 597 4223 22
612 4189 650 4242 sq.
703 4207 706 4211 -
835 4205 839 4213 ι
965 4172 993 4237 6)
1012 4171 1195 4225 ornaremus
1211 4173 1288 4226 aliie.
1317 4176 1432 4225 Faunus.

392 4254 421 4324 3)
435 4256 561 4308 Laudatur
572 4258 613 4312 hic
624 4259 695 4312 locus
708 4275 723 4310 a
736 4263 815 4315 Clam.
828 4230 903 4316 diac
966 4259 995 4325 7)
1015 4256 1065 4310 cn.
1084 4273 1159 4325 supra
1178 4273 1202 4308 c.
1225 4258 1248 4312 1.
1268 4275 1294 4326 p.
1313 4260 1378 4312 365.
1396 4257 1482 4313 ηομ.

358 4340 504 4413 stromd,
530 4343 570 4398 1⁷.
604 4361 631 4414 p.
659 4345 710 4398 369
739 4347 781 4400 cd.
810 4346 926 4398 senor„
