3659 5209
642 511 645 515 ·
705 476 887 568 dannanus
904 514 1071 571 unsrom.
1097 518 1139 575 m.
1462 532 1483 601 7

354 670 431 733 Jesu
463 673 659 754 consignetur
687 674 716 735 in
745 675 931 756 praecordiis
960 679 1068 740 vestris
1103 677 1156 742 ¹in
1183 699 1267 763 spem
1296 682 1378 748 fidei
1393 687 1481 752 atius.

355 775 486 856 Propter
508 777 588 856 quod
611 777 802 840 adtendamus
824 781 994 843 novissimis
1011 782 1125 846 diebos.
1162 786 1240 848 Nitrit
1256 790 1332 850 enim
1348 791 1482 871 proderit

356 882 445 942 nobis
469 900 558 944 omne
582 890 696 964 tompus
721 886 798 948 vitae
822 883 943 948 nostrae
967 896 996 950 et
1019 888 1097 966 unet,
1121 890 1146 950 si
1163 908 1222 952 non
1240 888 1334 955 2οᾰίο
1350 894 1480 975 iniquum

356 990 387 1046 et
410 984 525 1048 suturas
550 989 726 1050 tentationes
751 989 926 1068 habeamus,
958 994 1035 1055 sicut
1058 993 1129 1056 dicit
1157 995 1233 1057 tilius
1257 996 1328 1058 tter:
1359 993 1479 1061 Πῖσα·-

356 1097 475 1151 stamas
499 1093 583 1152 omni
605 1092 785 1172 iniquitati,
817 1103 847 1156 et
875 1097 950 1158 odio
978 1098 1147 1161 audeamus
1176 1119 1251 1161 earn.
1297 1100 1379 1181 Ergo
1402 1120 1479 1164 eon·

358 1195 486 1255 siderate
510 1212 603 1277 opera
627 1193 750 1259 ⁴malae
773 1200 848 1260 viae.
894 1201 961 1264 Non
986 1204 1143 1284 separatim
1167 1204 1283 1267 debetis
1308 1203 1480 1269 5seducere

356 1316 412 1360 vos
435 1307 572 1381 tanquam
585 1300 736 1381 justificati
745 1322 755 1377 ;
778 1303 876 1366 sedin
894 1324 983 1367 tinum
999 1309 1212 1369 convenientes
1229 1309 1377 1390 inquirite,
1400 1309 1479 1391 quod

354 1405 552 1490 communiter
574 1403 689 1466 dilectis
713 1409 880 1469 conveniat·
900 1415 930 1470 et
958 1410 1060 1491 prosit.
1107 1411 1187 1480 tttctt,
1207 1414 1284 1474 enim
1308 1413 1478 1493 Scriptura:

353 1501 368 1543 ⁶
394 1497 474 1569 odat
507 1501 539 1570 οἱ
568 1503 690 1569 συνετοὶ
722 1499 800 1595 παρ’
831 1505 902 1574 ino·
930 1510 1025 1578 ⁶Vce
1048 1517 1130 1593 iltis,
1160 1517 1215 1596 qui
1237 1516 1300 1578 eidi
1322 1518 1403 1579 sotis
1426 1518 1478 1578 in-

350 1609 435 1687 τοῖς,
468 1606 520 1672 καὶ
547 1602 681 1675 ἐνώπιον
708 1604 811 1676 αὐτῶν
832 1613 902 1680 ἐπι-
930 1621 1079 1699 tettipunt,
1108 1629 1137 1682 et
1159 1620 1243 1699 apud
1263 1639 1297 1681 se
1320 1621 1403 1682 docti
1426 1622 1491 1686 oi-¹

350 1703 510 1799 στήμονες.
565 1717 776 1799 Πνευματικοὶ
808 1711 900 1804 γενώ-
928 1727 1049 1786 dentur.
1083 1725 1179 1787 Simus
1202 1723 1360 1804 spiritales,
1383 1722 1475 1785 simus

349 1820 456 1900 μεθα,
473 1804 564 1894 Ιναός
592 1820 713 1896 τέλειος
740 1824 788 1908 uqi
819 1824 899 1908 Θεῷ.
930 1824 1098 1908 'templum
1129 1835 1362 1889 consummatum
1391 1827 1474 1902 Deo;

349 1913 420 2010 Ἐφ’
434 1916 509 1987 ὅσον
531 1921 614 1989 ἐστὶν
636 1919 689 2013 ἐφ’
710 1918 789 2011 ἡμῖν,
811 1927 899 2008 μελε-
927 1933 956 1991 in
981 1935 1120 2008 quantum
1143 1935 1188 1990 est
1209 1931 1238 1990 in
1258 1931 1355 2007 notis,
1377 1923 1472 1991 ⁸me·

348 2027 453 2109 τῶμεν
474 2024 529 2091 τόν
544 2021 647 2116 φόβον
660 2027 719 2091 τοῦ
736 2031 829 2104 Θεοῦ,
850 2027 901 2091 καὶ
929 2031 1054 2093 ddemur
1077 2033 1210 2092 timorem
1225 2033 1290 2110 Dei,
1312 2040 1342 2094 et
1364 2041 1472 2097 custo·

346 2122 524 2218 φυλάσσειν
538 2123 768 2214 ἀγωνιζώμεθα
781 2126 840 2205 τὰς
856 2127 901 2194 ἐν-
929 2134 1042 2194 diurnus
1065 2132 1199 2195 mandata
1221 2135 1307 2197 iltius:

349 2226 449 2307 τολάς
464 2224 561 2296 αὐτοῦ
574 2229 638 2310 (ἵνα
648 2232 680 2300 ἐν
692 2237 760 2309 τοῖς
775 2224 898 2298 δικαιώ-

346 2356 446 2420 μασιν
465 2328 564 2401 adzeri
582 2330 838 2426 εὐφρανθῶμεν).

349 2439 524 2506 ⁹Dominus
547 2462 608 2507 non
632 2453 752 2526 accepta
781 2462 910 2525 persona
937 2442 1051 2526 judicat
1081 2443 1236 2520 inundam3
1269 2447 1473 2525 unusquisque

348 2548 531 2626 secundum,
561 2568 638 2629 quae
662 2550 748 2628 facit,
777 2551 910 2629 arripiet.
957 2548 987 2609 Si
1011 2547 1101 2608 tuerit
1123 2548 1235 2626 bonus,
1267 2549 1382 2609 bonitas
1405 2567 1473 2610 eum

348 2652 500 2714 antecedit
507 2671 516 2728 ;
541 2654 566 2714 si
584 2672 720 2732 nequatur,
744 2670 859 2713 merres
877 2653 1025 2731 nequitiae
1041 2670 1108 2713 eom
1124 2653 1268 2730 sequitur.
1303 2651 1472 2730 Adtendite,

347 2777 388 2820 ne
418 2757 537 2839 quando
571 2755 594 2793 ¹⁰
608 2760 799 2836 quiescentes
827 2759 888 2837 jam
919 2755 1017 2817 vocati
1047 2753 1265 2818 addormiamas
1288 2758 1317 2817 in
1341 2757 1472 2836 peccatis

348 2863 470 2937 nostris,
494 2866 525 2920 et
541 2860 672 2939 Nequam
696 2862 845 2940 accipiens
865 2865 1039 2941 potestatum
1058 2858 1224 2922 ¹¹nostram
1240 2862 1363 2922 suscitet
1383 2857 1472 2922 ¹ines

348 2973 377 3027 et
402 2963 539 3026 excludat
568 2983 585 3025 a
615 2983 712 3045 regno
736 2965 861 3027 Domini.
906 2964 1014 3026 Adhuc
1044 2969 1074 3024 et
1101 2963 1171 3024 illud
1202 2963 1374 3046 intelligite,
1405 2982 1471 3025 eum

385 3118 411 3182 1)
438 3117 457 3168 Ι.
484 3133 507 3167 e.
532 3127 556 3170 et
573 3127 609 3176 *ut
630 3135 704 3184 spem
728 3127 845 3171 ecetram
869 3121 897 3168 in
957 3119 988 3185 5)
1002 3121 1049 3199 'Se
1073 3120 1199 3170 seducere
1222 3136 1257 3163 =
1280 3135 1311 3170 ae
1337 3134 1483 3187 separare.-

345 3207 396 3272 fide
425 3202 456 3259 atr
488 3201 596 3270 Χριστόν
623 3207 736 3273 portatis.
786 3204 896 3256 Sensus:
924 3208 1044 3254 tiaram).
1082 3199 1133 3254 cfr.
1152 3201 1228 3253 lietu.
1250 3201 1290 3267 10,
1310 3204 1352 3253 ⁴25.

346 3296 437 3346 Moses
455 3293 568 3357 projecit
585 3293 706 3353 tutatae,
726 3299 752 3341 ut
770 3291 895 3342 ostende·
957 3289 985 3352 6)
1006 3289 1062 3339 isai.
1073 3289 1098 3352 5,
1112 3288 1153 3338 21.
1182 3287 1277 3339 Graeca
1291 3296 1390 3340 exstant
1402 3289 1468 3355 apud

345 3386 396 3442 ret,
416 3374 602 3440 mutaturos,
617 3377 661 3427 sed
677 3375 833 3428 Christianos
847 3394 896 3429 ue·
925 3379 1004 3429 Ctem.
1026 3379 1100 3428 Alex.
1120 3375 1209 3425 Strom.
1229 3374 1259 3425 u.
1279 3392 1300 3425 c.
1321 3378 1345 3426 7.
1363 3392 1389 3442 p.
1410 3375 1469 3424 117.

346 3480 390 3516 ros
410 3480 467 3515 esse
486 3461 610 3514 haeredes
629 3463 704 3514 divini
723 3463 843 3515 foederis.
925 3461 964 3512 ed.
979 3461 1069 3513 Venet.
1094 3461 1183 3512 Verbis
1193 3461 1233 3509 ira
1248 3490 1277 3500 -
1291 3456 1471 3523 sdqpasdmprr,

383 3587 412 3654 2)
431 3585 467 3636 ΜΕ
495 3588 570 3638 modo
924 3564 989 3615 quae
1015 3564 1029 3598 a
1055 3565 1095 3600 ma
1121 3548 1193 3599 uncis
1218 3534 1275 3597 sarit
1298 3545 1408 3609 inclusa,
1435 3545 1471 3597 nil

923 3635 1070 3702 respondet.
1082 3637 1106 3684 in
1125 3635 1207 3684 veteri
1226 3634 1344 3684 versione
1364 3630 1449 3682 latina.

383 3708 412 3776 3)
431 3707 501 3759 Hanc
521 3703 611 3758 Christi
630 3708 781 3757 sententiam
799 3707 824 3757 in
844 3715 913 3798 totop
959 3723 988 3785 7)
1007 3719 1059 3772 cfr,
1082 3719 1169 3771 1001,
1189 3719 1215 3783 3,
1238 3719 1276 3769 16,
1297 3718 1338 3768 ῃ,

345 3793 446 3862 Evang.
472 3807 523 3843 uon
550 3793 669 3859 reperias.
706 3791 774 3860 Ergo
804 3799 846 3844 aut
865 3809 897 3844 ex
959 3805 1269 3868 sqcst‚1fflt,33‚18.

347 3880 484 3932 traditione
503 3879 626 3942 haustam,
648 3886 692 3928 sat
711 3895 742 3930 en
760 3878 817 3928 aliis
835 3877 897 3929 loeis
959 3893 989 3961 9)
1008 3891 1059 3944 crs,
1079 3891 1089 3943 1
1108 3889 1175 3943 petr,
1196 3891 1226 3956 1,
1251 3892 1291 3942 17,
1328 3890 1381 3942 Gal,
1401 3889 1427 3951 2,
1447 3889 1471 3940 6.

348 3966 517 4032 compositam
536 3981 591 4016 eam
610 3974 693 4033 putes,
713 3983 735 4017 e.
748 3982 773 4033 g.
794 3980 826 4016 ex
843 3965 896 4016 Jac.
924 3980 1011 4032 1001,
1032 3979 1057 4042 3,
1077 3979 1101 4029 8,

347 4056 380 4118 1,
405 4054 430 4104 7.
458 4050 501 4102 vel
519 4050 541 4101 n
567 4051 629 4103 Tim.
649 4053 674 4117 2,
697 4042 744 4102 tet:
770 4047 898 4113 ἄπυστὴτω
961 4067 1006 4129 10)
1026 4063 1077 4115 cp,
1097 4063 1173 4115 Marah
1203 4065 1245 4127 25,
1265 4063 1280 4112 5
1299 4079 1371 4130 seqq.

346 4133 898 4201 untd512{a;etPs.tttt‚163:ditatas
962 4154 1007 4221 11)
1027 4153 1044 4204 Ι.
1064 4169 1087 4204 e.
1106 4155 1201 4205 riustri.
1237 4155 1360 4200 Murano.
1389 4154 1396 4181 ·“
1490 4137 1492 4140 ’

348 4227 455 4291 affatuque
937 4239 1279 4308 'ratisponensem
1310 4233 1360 4284 Atii
1378 4229 1473 4280 eusci·

384 4330 414 4397 1)
435 4326 485 4379 Cir.
504 4343 526 4377 c.
546 4324 566 4375 v
586 4333 611 4375 et
628 4322 678 4375 XX.
905 4337 1003 4386 ,tetum
