3659 5209
454 526 456 530 ’
477 517 601 575 tubabit
616 517 776 575 bristout
793 519 839 576 ΑΒ
860 518 1071 583 punituros.
1089 523 1109 578 1.
1128 523 1159 581 ll.
1177 523 1219 581 tu.
1346 530 1408 599 187

235 730 238 751 ;
281 685 415 745 mentem
431 681 563 765 cognovi
578 692 633 743 ros
648 678 770 761 habere,
798 679 879 746 ¹unu
894 699 952 747 usu
970 683 1076 764 solum,
1097 685 1156 750 sed
1167 685 1277 769 indole,
1300 684 1409 772 duem-

235 818 264 861 ι·
281 785 444 850 admodum
460 785 489 847 id
506 784 575 847 mibi
589 786 751 868 episcopus
765 792 868 849 vester
879 787 1022 869 Polybius
1037 789 1185 871 indicavit,
1202 793 1252 873 qui
1264 793 1409 877 Smyrnae

235 888 380 981 [adluit
402 907 457 970 per
479 889 668 969 voluntatem
683 888 739 951 Dei
762 896 792 952 et
814 890 888 954 Jesu
912 891 1035 973 curisti,
1067 895 1178 977 quique
1207 896 1277 959 mihi
1309 899 1408 963 vincto

241 1036 254 1073 ‚
280 995 315 1057 iu
338 993 414 1056 Jesu
436 992 554 1057 Christo
578 994 616 1055 ita
640 994 862 1076 congratulatus
893 1003 956 1075 est,
986 1005 1019 1061 ut
1049 1016 1165 1062 omnem
1195 1000 1409 1066 multitudinem

235 1140 255 1179 ι
281 1095 415 1163 vestram
438 1098 468 1160 in
492 1094 793 1180 eo²contemplalus
825 1098 890 1162 sim.
933 1098 1094 1183 Excipieus
1125 1105 1203 1167 enim
1230 1124 1284 1187 per
1313 1106 1410 1188 ipsum

235 1246 253 1297 ι
280 1208 432 1283 vestram,
456 1220 533 1284 quae
556 1203 720 1267 secuudum
743 1204 838 1267 Deum
862 1212 926 1284 est,
950 1205 1207 1289 benevolentiam,
1238 1210 1410 1293 vosipsos,

281 1325 364 1391 quos
385 1308 517 1392 cognovi
539 1308 703 1372 imitatores
726 1309 792 1390 Dei,
816 1309 969 1374 invenisse
994 1306 1153 1377 ³videbar.

235 1546 256 1591 3
358 1499 392 1562 ll.
437 1499 546 1564 Estote
568 1499 702 1580 subjecti
725 1501 887 1582 episcopo,
908 1501 1105 1586 presbyteris
1128 1509 1158 1566 et
1179 1501 1335 1568 diaconis.

249 1656 256 1716 p
373 1623 470 1698 Quum
494 1622 570 1684 euim
594 1623 738 1706 episcopo
753 1625 879 1708 subjecti
895 1625 959 1688 sitis
981 1631 1015 1688 ut
1029 1624 1102 1689 Jesu
1119 1625 1246 1706 Christo,
1269 1627 1410 1690 videmini

235 1750 257 1825 'u
280 1726 364 1807 mihi,
388 1744 449 1791 non
472 1727 635 1791 secundum
658 1725 847 1809 *bominem
870 1729 925 1792 sed
947 1730 1110 1794 secundum
1133 1729 1236 1793 Jesum
1262 1729 1408 1793 Christum

235 1884 257 1940 ς,
281 1833 400 1911 vivere,
424 1831 474 1913 qui
496 1839 621 1914 propter
644 1829 728 1897 ⁵nos
750 1842 885 1898 mortuus
909 1843 965 1915 est,
986 1842 1019 1899 ut
1041 1835 1200 1898 credentes
1228 1835 1258 1898 in
1282 1843 1409 1897 mortem
1483 1851 1487 1858 ·

235 1958 257 2035 ,ι
280 1937 379 2020 ipsius
395 1926 520 1999 mortem
535 1936 690 2020 effugiatis.
727 1938 940 2002 Necessarium
960 1940 1062 2022 itaque
1083 1945 1137 2018 est,
1162 1939 1409 2020 quemadmodum

235 2080 258 2147 d
282 2039 393 2121 fucitis,
415 2045 448 2104 ut
470 2041 536 2104 siue
559 2039 702 2123 episcopo
725 2040 796 2104 nihil
818 2043 930 2124 agatis,
960 2042 1015 2105 scd
1036 2050 1068 2105 et
1090 2044 1278 2127 presbyterio
1302 2039 1422 2127 ⁶sub-W

235 2176 259 2257 ηι
284 2145 454 2225 dilisilis,
485 2151 518 2207 ut
550 2144 705 2228 Apostolis
739 2144 812 2209 Jesu
848 2145 972 2226 Christi,
1009 2147 1074 2230 spei
1108 2155 1247 2226 nostrae,
1285 2149 1314 2210 in
1348 2167 1408 2229 quo

235 2243 744 2351 ,pconversantes-⁷inveniamur.
791 2246 947 2332 8Oportet
977 2259 1074 2314 autem
1105 2258 1136 2314 et
1164 2251 1326 2331 diaconos,
1358 2254 1409 2334 qui

235 2344 259 2453 ζι
283 2363 354 2421 suut
375 2349 399 2399 ·⁹
413 2355 530 2419 diaconi
560 2356 767 2437 mysteriorum
790 2355 864 2419 Jesu
887 2354 1013 2433 Christi,
1044 2356 1123 2420 omui
1149 2355 1238 2419 modo
1271 2357 1408 2418 omnibus

235 2456 414 2561 ''placere
469 2459 538 2522 Nou
571 2461 649 2522 enirn
684 2462 817 2524 ciborum
850 2467 880 2525 et
913 2468 1035 2545 potuum
1071 2461 1195 2524 ministri
1228 2467 1314 2537 suut,
1354 2459 1415 2522 sed·

235 2627 239 2635 ,
284 2564 433 2629 ecclesiae
445 2563 500 2627 Dei
515 2564 648 2627 ministri.
684 2565 811 2647 Oportet
825 2566 926 2650 igitur,
943 2575 976 2630 ut
992 2566 1049 2630 sibi
1065 2571 1190 2630 caveant
1205 2583 1221 2628 a
1238 2564 1409 2627 criminibus

235 2650 259 2666 '¹
285 2676 424 2753 tauquam
447 2669 483 2731 ab
506 2669 586 2751 igue.

379 2859 425 2922 lll.
470 2859 630 2922 Honoratc
654 2839 820 2938 diaconos,
845 2834 1027 2942 episcopam
1049 2868 1080 2924 et
1097 2866 1307 2949 presbyteros.

235 3022 257 3065 2
371 2980 475 3045 Cuncti
495 2983 629 3045 similiter
650 2991 849 3047 revereantur
871 2983 1015 3048 diaconos
1046 2990 1077 3047 ut
1108 2978 1132 3020 ¹⁰
1143 2981 1313 3061 mandatum
1335 2979 1430 3067 Jesu¹

235 3197 256 3236 '³
284 3224 323 3278 bis
342 3223 543 3276 adhortationem
563 3223 593 3275 ud
613 3224 735 3277 diaconos
751 3223 936 3332 videtszater
967 3224 1110 3291 respexisse
1140 3221 1241 3274 videtur
1271 3221 1303 3272 ad
1332 3221 1411 3274 verba

235 3280 255 3321 Ι
283 3317 340 3384 ipsi
365 3316 492 3367 sinuant
517 3316 638 3367 omnibus
661 3316 784 3382 placere,
810 3322 835 3366 et
861 3310 977 3379 Apostoli
994 3311 1006 3362 l
1024 3309 1086 3361 Tim.
1106 3309 1131 3374 3,
1150 3308 1167 3359 9
1186 3317 1212 3360 et
1230 3307 1242 3359 l
1261 3305 1319 3362 Cor.
1339 3309 1365 3374 l,
1388 3308 1410 3362 l.

283 3402 641 3456 ailincriminiduscccere.
661 3398 734 3450 lllale.
755 3398 832 3468 lgna·
880 3398 925 3465 tu)
951 3397 987 3448 lta
1016 3413 1049 3448 ax
1078 3395 1135 3446 Vct.
1165 3394 1271 3462 interpr.
1303 3396 1412 3446 restituit

235 3458 251 3571 ε
283 3490 334 3540 tius
363 3487 428 3538 euim
453 3500 503 3537 nou
526 3486 559 3537 de
577 3485 667 3537 olliciia
686 3486 833 3538 'clericorum
861 3484 990 3549 Smitbius,
1012 3483 1152 3550 similiaque
1170 3482 1331 3551 reperiuntur
1348 3481 1411 3532 inira
1455 3498 1457 3503 ·

236 3566 240 3571 ⁸
284 3591 346 3643 erga
367 3573 508 3642 populum‚-
525 3571 570 3624 sed
590 3572 622 3624 da
641 3572 728 3624 ciliciis
746 3572 835 3641 populi
861 3588 884 3623 c.
906 3570 938 3636 13
964 3578 990 3620 ct
1015 3570 1047 3620 ad
1067 3568 1164 3634 Smyru.
1185 3585 1207 3620 c.
1225 3567 1250 3618 8.
1281 3567 1326 3620 lis.
1344 3565 1411 3619 mala

284 3678 348 3730 erga
368 3660 464 3712 clerum
482 3650 603 3727 loquitun
774 3669 778 3675 ·
861 3657 953 3709 habet:
977 3654 1032 3712 τούς
1048 3652 1172 3711 διακόνους
1190 3651 1221 3711 ὥς
1236 3650 1324 3718 Ἰησοῦν
1345 3656 1412 3719 Χρι-

244 3736 248 3744 ’
319 3748 350 3813 9)
368 3748 396 3800 ln
415 3748 505 3800 codice
522 3762 568 3797 me.
586 3744 679 3814 legitur
696 3741 834 3810 μυστήριον,
861 3742 933 3806 στὸν,
952 3739 981 3800 ὥς
999 3739 1102 3792 καὶτὸν
1120 3740 1262 3803 ἐπίσκοπον,
1280 3736 1341 3790 ὄντα
1359 3734 1413 3791 vida

235 3867 237 3884 ι
282 3837 355 3908 quod
375 3835 715 3900 Arcesius-iuterpretatur:
739 3834 835 3902 imppp,
861 3827 1014 3898 τοῦπατρὸς
1026 3850 1047 3877 κ.
1060 3846 1082 3878 τ.
1094 3829 1115 3876 l.
1150 3832 1227 3883 ltlotte
1246 3829 1277 3880 ad
1297 3828 1410 3896 blagnes.

281 3926 441 3982 similitudo.
479 3918 561 3982 Quum
585 3918 733 3970 verohaee
752 3933 834 3970 voca·
862 3934 884 3972 c.
899 3917 923 3970 6.
942 3917 1081 3984 respiciens
1100 3913 1201 3980 conjicit
1215 3916 1245 3982 (l.
1259 3932 1281 3967 c.
1294 3931 1318 3983 p.
1333 3916 1411 3980 232J:

281 4010 339 4065 buti
359 4005 490 4074 μυστήριον
507 4009 578 4059 notio
596 4007 628 4058 ab
645 4005 744 4074 ignatio
764 4014 835 4057 certe
860 4001 901 4061 eds
925 4001 1033 4059 διακόνις
1056 4000 1086 4056 ὥς
1107 3997 1180 4063 ’lquier
1205 3999 1325 4063 Χριστόν,
1352 3995 1413 4075 dna
1432 4042 1435 4049 Α

282 4097 404 4165 ejusque:
414 4103 499 4146 aetate
511 4094 594 4146 aliena
608 4095 649 4157 sit,
669 4108 724 4144 cum
741 4095 835 4147 Vossio
861 4088 915 4140 vide
933 4093 963 4140 si
980 4085 1076 4155 πατρὸς,
1093 4084 1139 4135 τόν
1155 4083 1290 4136 ἐπίσκοπον
1303 4083 1333 4144 ὥς
1344 4082 1412 4150 θεὸνρ

280 4181 543 4252 aliisque-legendum
557 4188 596 4233 est
606 4179 749 4245 μυστηρίων,
769 4178 835 4246 quod
861 4175 901 4235 vis
918 4175 946 4227 δὲ
963 4164 1155 4241 πρεσβυτίρκίκ.
1167 4191 1190 4222 τ.
1202 4173 1222 4222 i.
1256 4172 1306 4224 sed
1325 4172 1413 4245 nullibi

281 4273 364 4324 etiam
388 4267 456 4334 apud
474 4266 683 4335 Interpolatnrem
702 4268 835 4333 reperitur.
862 4264 968 4317 Diacoui
988 4270 1044 4313 ¹cum
1065 4259 1164 4313 Christo
1181 4261 1237 4327 ipso
1259 4254 1411 4327 comparan-

281 4354 337 4415 cfr.
356 4357 544 4426 vfietmdiacir,
565 4353 582 4406 l.
595 4369 618 4406 c.
637 4369 662 4424 p.
675 4351 716 4405 22.
742 4350 836 4405 beatus
861 4359 910 4404 tur.
937 4349 1015 4402 Forte
1034 4349 1137 4402 minima
1154 4346 1296 4400 mutatione
1315 4345 1412 4399 codicis
