3659 5209
492 549 631 607 annunti
649 552 785 608 PASTOR.
821 553 920 607 LIBER
938 552 979 608 lll.
1017 552 1141 609 stlssttl.
1160 549 1201 609 tx.
1347 552 1412 623 433

284 731 391 789 omnes
407 714 478 777 dies
501 715 580 777 vitae
604 730 687 795 suae,
711 715 817 778 eodem
840 733 949 805 sensus
973 704 1087 801 tenore.
1127 690 1312 798 Quicumque
1334 735 1410 802 ergo

272 820 540 905 ›permanseriutst
574 821 686 900 inquit,
718 822 815 901 „sicut
836 821 982 900 infantes,
1011 839 1070 883 nen
1095 820 1240 884 babentes
1263 821 1410 902 malitiam,

286 923 525 988 ¹hen0raticres
550 925 796 1011 eruut-umnibus
819 927 886 1006 iltis3
911 943 988 1007 quos
1008 927 1069 1008 Jam
1093 924 1174 988 dixi'
1204 922 1315 989 Omnes
1333 929 1411 991 enim

284 1028 413 1092 inientes
436 1029 574 1092 honerati
590 1035 658 1092 sunt
674 1028 752 1111 apud
767 1018 934 1110 Dominum,
952 1018 987 1093 'et
1001 1031 1087 1119 primi
1103 1031 1256 1094 habentur.
1278 1031 1411 1107 r3llelices

280 1151 363 1215 ergo
385 1150 453 1213 ves,
477 1135 657 1216 quicumque
678 1136 866 1199 removeritis
890 1137 1026 1199 malitiam
1047 1153 1064 1198 a
1087 1137 1183 1215 vobis,
1208 1144 1238 1198 et
1256 1120 1411 1199 indueritis

276 1235 501 1317 innocentiam3
541 1240 609 1320 quia
645 1240 730 1321 primi
768 1240 905 1309 videbitis
933 1241 1068 1328 'Deumss
1123 1241 1281 1322 Postquam
1319 1240 1412 1321 linivit

286 1343 416 1406 emnium
440 1336 580 1406 montium
603 1339 857 1426 explanationem,
878 1338 956 1408 'dico
981 1346 1025 1433 eir
1060 1345 1224 1426 „domine,
1249 1363 1328 1408 nunc
1352 1332 1411 1408 ex-

285 1453 379 1530 pone*
396 1449 474 1511 mibi·
496 1449 533 1510 de
553 1438 709 1531 ‘lapidibus
724 1440 802 1529 bis,
836 1447 914 1531 ²qui
947 1449 1030 1525 allati,
1056 1461 1095 1511 ex
1126 1450 1231 1532 campo
1261 1451 1410 1513 inlocum

284 1554 525 1634 reprobaturum,
549 1553 585 1615 ad
607 1560 784 1617 structuram
809 1548 898 1618 tu'r'ris
922 1556 1002 1617 missi
1019 1563 1103 1633 suutg
1127 1557 1195 1619 item
1212 1543 1249 1619 de
1264 1556 1411 1638 lapidibus

284 1658 345 1719 illis
369 1641 520 1737 retundis,
554 1658 605 1738 qui
628 1659 657 1720 in
681 1654 859 1723 structuram
881 1660 971 1748 turris
994 1649 1103 1742 adjecti
1126 1669 1211 1741 sunt,
1244 1650 1274 1724 et
1296 1661 1333 1724 de
1356 1661 1411 1741 bis,

284 1760 458 1842 qni'adhuc
479 1763 600 1826 rotundi
622 1756 860 1828 remanserunt.'“
896 1781 898 1784 ·
986 1740 1020 1776 u.
1161 1768 1164 1773 '
1275 1758 1281 1766 ’

307 1918 309 1922 Α
375 1867 467 1930 xxx.
515 1867 614 1950 „naut
636 1871 745 1948 nunes
769 1871 882 1950 inques,
911 1870 969 1948 „ue
993 1850 1146 1951 lapidibus.
1177 1862 1352 1958 ,eurtum
1376 1871 1413 1933 ue
1463 1879 1465 1883 ’

285 1990 394 2055 campo
418 1970 648 2041 instructuram
665 1975 760 2035 turris
776 1954 870 2055 positi
887 1977 956 2036 sunt
972 1966 1169 2052 corum'locc,
1193 1962 1243 2054 qui
1262 1976 1413 2057 reprobati
1465 2008 1467 2011 ·

287 2084 384 2155 erant,
408 2077 524 2140 radices
547 2084 616 2140 sunt
638 2078 713 2140 illius
739 2074 879 2140 ³candidi
902 2079 1017 2140 mentis.
1064 2064 1159 2152 Quum
1186 2076 1277 2159 igitur
1299 2081 1338 2157 bi,
1353 2080 1435 2159 'qui'

286 2181 328 2242 de
352 2181 403 2243 illo
426 2188 526 2245 mente
550 2173 749 2262 crediderunt,
773 2182 840 2244 iacti
865 2190 934 2244 sunt
956 2183 1143 2261 innocentes,
1163 2166 1252 2263 jussit
1276 2182 1412 2246 dontinus

252 2313 255 2316 >
288 2287 358 2367 ejus
382 2287 471 2349 turris
495 2304 565 2364 eos,
597 2287 648 2365 qui
671 2288 709 2349 de
732 2284 880 2349 radicibus
904 2287 1012 2349 montis
1036 2283 1153 2363 essent,
1182 2282 1411 2349 instructuram

282 2385 441 2453 collocari.
486 2390 736 2471 micuerit-enim,
760 2395 785 2454 si
801 2393 837 2454 ad
854 2390 1088 2455 aedificationem
1104 2392 1218 2468 iissent,
1240 2383 1412 2471 splendidos

287 2494 358 2557 illos
374 2498 595 2576 permansuros,
612 2497 775 2569 necullum
792 2498 830 2559 de
845 2497 891 2559 bis
908 2497 1032 2578 amplius
1045 2493 1269 2576 demigrandum.
1297 2484 1412 2569 Quodsi

288 2600 332 2661 ita
355 2599 394 2660 de
416 2601 542 2662 caeteris
559 2601 706 2663 ruentibus
723 2582 890 2683 adjecisset,
908 2616 974 2664 'neu
990 2592 1119 2683 necesse
1138 2598 1292 2662 habuisset
1307 2616 1412 2662 rursus

285 2705 412 2767 visitare
444 2718 509 2767 eam
536 2705 638 2766 turrim
669 2703 759 2786 atque
788 2724 929 2788 purgare.
974 2705 1010 2765 Hi
1035 2701 1132 2767 autem
1158 2722 1263 2767 onmes
1285 2703 1413 2780 candidi,

283 2810 418 2891 juvenes
442 2815 519 2889 sunt,
543 2809 592 2889 qui
616 2809 815 2889 crediderunt,
840 2816 869 2872 et
890 2810 940 2890 qni
960 2806 1101 2872 credituri
1118 2815 1202 2885 sunt3
1225 2805 1413 2897 4exeodem

273 2910 376 2975 enim·
392 2931 508 2996 genere
530 2920 606 2975 sunt.
646 2913 731 2975 Felix
745 2912 811 2976 ‘boc
834 2912 942 2996 genus,
967 2915 1035 2994 quie
1058 2915 1218 2976 innocuum
1241 2922 1294 2975 est.
1334 2913 1415 2981 Audi

286 3020 370 3078 nuuc
385 3012 425 3078 -et'
445 3016 483 3078 de
506 3017 719 3080 illis'retundis
743 3009 950 3099 lapidibus'et
969 3019 1142 3099 splendidis.
1189 3019 1224 3080 lli
1248 3036 1351 3082 omncs
1375 3018 1413 3081 de

287 3121 350 3183 hoc
374 3121 501 3185 candide
524 3129 624 3186 monte
647 3129 723 3185 suut.
772 3123 871 3197 Quare
894 3129 992 3184 autem
1017 3119 1164 3185 ⁵retuudi
1195 3128 1264 3185 suut
1292 3121 1414 3202 reperti·

288 3242 381 3288 causa
405 3225 473 3305 est,⁴
492 3226 560 3306 quia
585 3225 704 3290 divitiae
729 3245 801 3290 suae
824 3227 891 3290 illos
915 3223 1051 3308 pusillum
1079 3226 1245 3288 averitate
1267 3212 1414 3289 ubscura-
1442 3303 1446 3309 Ἰ

287 3338 399 3394 verunt
421 3338 510 3413 atque
534 3332 767 3396 obfuscaverunt
774 3353 784 3409 ;
813 3333 868 3396 sed
897 3331 1003 3393 aDeo
1030 3319 1188 3410 numquam
1210 3316 1415 3410 recesserunt,

287 3418 351 3496 nec
371 3433 469 3497 ullum·
483 3436 606 3499 verbum
629 3436 737 3498 malum
761 3422 908 3519 processit
938 3437 976 3498 de
1007 3453 1061 3498 ere
1090 3453 1210 3515 eorum,
1233 3435 1295 3499 'sed
1319 3437 1416 3500 emnis

288 3525 436 3619 aequitas,
460 3540 553 3604 virtus
578 3549 608 3604 et
629 3542 750 3604 veritas.
796 3542 908 3604 Herum
932 3557 1007 3622 ergo
1031 3546 1158 3601 mentem
1180 3542 1268 3619 quum
1291 3540 1417 3602 vidisset

277 3643 445 3723 Dominus,
468 3651 499 3707 et
521 3663 612 3727 posse
635 3664 690 3709 ecs
713 3647 829 3712 veritati
850 3647 965 3725 lavere,
984 3638 1079 3727 jussit
1089 3646 1186 3709 bones
1203 3662 1324 3726 quoque
1340 3665 1419 3764 per-b

313 3864 354 3922 ,lt
379 3863 407 3916 ln
431 3865 599 3920 similitudine
624 3878 715 3922 octava
734 3869 841 3923 Hermae
902 3872 930 3935 4)
950 3871 991 3922 Sc.
1011 3889 1043 3923 ex
1061 3871 1151 3923 eedem
1175 3884 1272 3938 genere
1292 3883 1347 3918 cum
1373 3869 1415 3918 in·
1515 3916 1523 3931 ,

288 3954 455 4020 martyribus
472 3957 565 4022 primae
584 3965 669 4025 partes
687 3957 781 4008 tribuit.
797 3962 800 3979 ¹
868 3958 976 4009 lantibus
995 3954 1081 4027 capitia
1099 3954 1288 4017 antecedentis,
1308 3954 1324 4004 i.
1342 3968 1364 4005 e.
1384 3970 1416 4005 ex

244 4065 247 4070 -
326 4039 357 4105 2.)
377 4039 440 4091 Vide
458 4056 532 4107 supra
554 4058 576 4093 c.
596 4044 620 4094 6.
824 4072 826 4076 .
867 4060 963 4113 genere
982 4044 1178 4095 innocentiae·

327 4124 416 4198 *⁹0:5⁰¹
436 4130 527 4178 mentis
547 4128 699 4182 duodecimi.
736 4131 775 4182 Ad
796 4147 840 4181 ra·
875 4192 885 4197 „
903 4131 931 4189 bl
950 4130 1015 4181 Vide
1041 4146 1114 4198 supra
1138 4144 1161 4180 c.
1179 4129 1204 4178 6.
1230 4144 1255 4195 p.
1274 4126 1332 4177 414.
1374 4126 1415 4177 De

290 4212 361 4262 dices
386 4210 459 4276 hujus
480 4216 574 4265 mentis
597 4218 635 4267 siti
656 4225 727 4282 erant
745 4216 841 4283 lapides
866 4208 993 4284 lapidibus
1014 4218 1152 4281 retundis,
1182 4213 1228 4264 cfr.
1248 4213 1298 4265 Vis.
1316 4211 1365 4277 ill,
1390 4211 1416 4261 6.

290 4294 343 4362 illi,
374 4297 407 4348 de
434 4300 629 4367 cempeullati.
666 4301 842 4369 significantur
868 4301 921 4354 cfr.
938 4318 1042 4370 quoque
1061 4302 1093 4353 de
1111 4299 1255 4365 hujusmodi
1273 4298 1417 4350 bominibus

289 4383 416 4452 lapidibus
426 4374 484 4437 ¹illis
498 4387 614 4453 juvenca
632 4391 791 4444 innocentes.
868 4387 1036 4454 simitv111,
1058 4388 1097 4439 10.
1262 4394 1265 4401 ’
1385 4383 1389 4391 ’

249 4499 254 4511 ‘
336 4478 409 4530 'latres
422 4492 487 4540 rpem.
503 4488 536 4530 cd.
551 4489 586 4530 lv.
891 4518 894 4524 .
1164 4473 1208 4542 28
1432 4392 1526 4657 r
