3659 5209
443 526 738 585 tansmisimus
755 529 801 581 nu
821 527 1036 584 tnntttnnos.
1054 529 1096 584 xt.
1114 529 1166 583 ΧΠ.
1184 530 1247 588 Xlll.
1348 534 1409 600 195

383 795 384 798 ’
416 780 465 843 XI.
509 780 617 860 Fugite
632 777 818 858 mortiferos
841 778 1033 844 Docetorum
1053 782 1278 860 plantationes.

374 902 479 983 Fugite
508 920 583 986 ergo
612 901 704 965 malas
732 903 932 985 propagines,
967 922 1043 984 quae
1073 905 1201 987 gignunt
1226 905 1410 970 mortiterum

277 1007 432 1086 lruetum,
458 1027 546 1088 quem
568 1010 594 1071 si
617 1009 682 1089 quis
704 1010 844 1091 gustarit,
878 1010 975 1071 statim
998 1009 1130 1071 moritur.
1175 1009 1226 1072 Isti
1250 1011 1327 1072 enim
1350 1030 1410 1075 non

278 1120 354 1176 sunt
380 1111 543 1194 ¹plantalio
566 1112 669 1174 Patris.
716 1111 747 1176 Si
769 1114 847 1175 enim
872 1120 982 1190 essent,
1011 1123 1190 1194 apparerent
1213 1115 1314 1195 utique
1338 1117 1411 1178 rami

279 1219 394 1296 crucis,
418 1224 447 1279 et
470 1223 551 1279 esset
573 1219 674 1299 utique
698 1216 812 1280 inactus
837 1218 952 1280 illorum
977 1219 1216 1299 incorruptibilis.
1257 1220 1411 1282 Pontiano

279 1341 405 1385 erucem
429 1321 561 1385 Christus
585 1323 614 1384 in
638 1323 779 1404 passione
802 1342 855 1386 sua
880 1323 982 1385 invitat
1007 1341 1079 1400 vos,
1112 1325 1162 1405 qui
1185 1325 1256 1386 estis
1280 1326 1411 1386 monibra

279 1430 361 1512 eJns.
405 1427 472 1489 Non
505 1433 603 1508 polest
634 1428 725 1510 igitur
756 1434 843 1509 caput
875 1446 1013 1489 seorsum
1047 1429 1130 1489 nasci
1161 1430 1227 1491 sine
1262 1431 1410 1511 membris,

279 1534 426 1596 unionem
450 1535 639 1614 promittente
663 1533 738 1612 Deo,
761 1531 841 1614 ²qui
865 1535 929 1614 ipse
954 1539 999 1596 est
1022 1535 1101 1596 unio.

515 1724 576 1787 Xll.
621 1724 741 1788 Monete
765 1725 798 1787 in
821 1725 943 1787 onitate
965 1734 996 1788 et
1018 1726 1181 1788 ctoritate.

235 1888 245 1921 r
374 1847 477 1919 Saluto
501 1866 556 1911 vos
580 1866 596 1909 e
619 1847 754 1929 Smyrna,
777 1866 903 1911 unacum
927 1848 1063 1910 ecclesiis
1080 1848 1146 1927 Dei,
1171 1867 1248 1929 quae
1271 1835 1411 1910 ³mecum

235 1988 246 2030 ς
280 1960 366 2034 sunl,
389 1950 490 2036 ⁴quae
513 1955 543 2016 in
566 1954 701 2016 omnibus
724 1972 772 2015 me
791 1957 967 2014 recrearunt
982 1951 1082 2032 quoad
1097 1969 1207 2033 corpus
1224 1959 1253 2014 el
1267 1953 1410 2033 spiritum.
1481 2011 1486 2029 ,

235 2070 248 2139 ξ
280 2059 410 2123 Vincula
425 2077 500 2129 mea,
526 2055 627 2139 ⁵quee
643 2063 767 2138 propter
782 2056 884 2118 lesum
900 2054 1046 2117 Christum
1063 2055 1139 2134 lero,
1164 2074 1218 2119 vos
1235 2058 1410 2119 obsecrant:

235 2205 249 2246 ,
274 2146 458 2249 permanete
480 2164 511 2225 in
533 2161 697 2226 concordia
721 2169 821 2223 vestra
844 2166 874 2222 et
898 2162 1034 2222 oratione
1056 2167 1165 2223 mutua.
1211 2161 1306 2222 Decet
1333 2162 1411 2223 enim

235 2288 250 2351 ι
283 2269 421 2351 singulos
444 2275 587 2345 vestrum,
612 2273 641 2328 et
663 2267 824 2347 praecipue
839 2266 1043 2348 presbyteros,
1067 2283 1208 2328 recreare
1228 2266 1410 2345 episcopum,

235 2352 256 2459 ,ζ
282 2375 315 2437 iu
339 2374 485 2443 honorem
507 2373 621 2451 Patris,
651 2370 725 2434 lesu
749 2370 857 2434 Christi
880 2376 910 2433 et
932 2370 1154 2452 Apostolorum.
1200 2367 1294 2448 Opto,
1327 2370 1410 2431 utin

235 2522 251 2564 ,
284 2478 429 2545 charitate
451 2496 498 2540 me
521 2476 655 2555 audiatis,
679 2495 728 2556 ne,
751 2471 851 2542 ⁶naec
874 2476 1020 2556 scribens,
1044 2478 1072 2539 in
1090 2474 1289 2539 testimoninm
1307 2479 1411 2535 contra

246 2606 252 2671 ·,
283 2601 341 2649 vus
363 2585 429 2646 sim.
474 2583 533 2648 Sed
558 2588 587 2643 et
610 2587 694 2644 orate
709 2599 767 2663 pro,
780 2601 838 2661 me,
863 2582 913 2662 qui
930 2582 959 2642 in
975 2581 1030 2642 Dei
1045 2578 1249 2644 misericordia
1269 2572 1420 2641 charitate‘

248 2731 252 2771 ί
282 2693 385 2752 vestra
407 2687 546 2770 indigeo,
577 2693 608 2749 ut
632 2686 740 2768 dignus
763 2686 830 2749 fiam
852 2687 902 2768 qui
925 2703 1070 2767 assequar
1092 2693 1205 2750 sortem
1238 2678 1334 2745 ⁷milri
1360 2684 1411 2745 in-

235 2820 252 2883 3.
281 2797 420 2873 stantem,
444 2777 483 2854 ne
504 2792 653 2873 reprobus
675 2791 819 2857 inveniar.

433 2948 507 3049 Xltt.
557 2983 673 3061 Volete,
699 2991 786 3046 orote
806 3001 868 3062 pro
893 2982 1028 3046 eeclesia
1048 2983 1172 3065 Syriae,
1196 2987 1251 3043 cte.

370 3104 482 3170 Salutat
497 3123 553 3168 vos
570 3105 696 3167 charitas
714 3105 943 3186 Smyrnaeorum
963 3113 993 3167 et
1009 3105 1215 3186 Ephesiorum.
1260 3102 1410 3164 Memores

284 3216 382 3273 estote
398 3210 429 3271 in
445 3210 580 3271 omnibus
598 3211 779 3272 orationibus
794 3210 904 3271 vestris
921 3211 1077 3289 ecclesiae,
1102 3227 1179 3290 quae
1199 3214 1245 3271 est
1260 3209 1289 3269 in
1306 3207 1410 3289 Syria3

250 3348 253 3359 ·
284 3313 320 3378 de
344 3332 405 3395 qua
427 3318 457 3375 et
472 3332 580 3377 nomen
597 3315 709 3378 habere
726 3333 786 3377 non
802 3332 867 3377 sum
884 3313 1002 3395 dignus,
1027 3314 1077 3394 qui
1092 3315 1146 3375 sim
1163 3332 1267 3376 eorum
1283 3312 1410 3374 ultimus.

235 3398 253 3519 5¹
283 3419 390 3482 Valele
411 3418 440 3480 in
463 3415 538 3482 Jesu
559 3419 688 3498 Christo,
712 3419 839 3502 subjecti
862 3420 1004 3500 episcopo
1028 3426 1060 3483 ut
1082 3412 1163 3480 8Dei
1186 3425 1357 3500 praecepto,
1381 3423 1411 3478 et

282 3524 419 3588 similiter
441 3525 642 3608 presbyterio.
664 3612 667 3619 ,
687 3524 732 3588 nc
756 3526 925 3609 singillatim
943 3541 1046 3586 omnes
1062 3523 1137 3586 aller
1152 3522 1276 3585 alterum
1298 3520 1411 3602 diligite

235 3686 249 3725 Ι
317 3682 347 3746 6)
367 3675 409 3730 Ἐν
437 3677 495 3745 ὑμῖν
519 3676 612 3747 γράψας
635 3678 681 3731 cfr.
699 3678 779 3749 ignat.
804 3680 835 3731 ad
863 3682 967 3744 καίομαι.
1003 3677 1122 3753 Nonnulli
1150 3684 1285 3730 mutarunt.
1322 3675 1409 3730 Velle-

241 3758 249 3829 i
279 3767 381 3821 Philisti.
402 3784 425 3820 c.
444 3767 475 3817 6:
503 3764 529 3816 ἓν
546 3757 581 3822 οἷς
598 3762 705 3830 ildinus,
724 3762 835 3832 εὔχομαι,
862 3769 918 3822 lina
936 3762 1158 3834 legitnopriurrpm,
1178 3766 1195 3819 i,
1208 3782 1231 3817 e,
1244 3767 1410 3834 propinqum

235 3904 244 3939 ,
275 3856 320 3906 tva
340 3851 376 3919 nl
394 3853 426 3910 εἷς
441 3850 570 3921 μαρτύριον
588 3847 804 3915 αὖτό·κτὴσωντᾱι.
862 3872 970 3908 aum:
983 3870 1059 3922 quom
1076 3855 1225 3922 propediem
1243 3866 1410 3929 corregere-5
1472 3882 1474 3889 .

316 3941 347 4008 7)
368 3940 405 3992 lla
424 3939 468 3993 Mu.
501 3939 639 3993 construe:
659 3939 838 4002 κςιταξιωθῆναί
862 3944 1010 3995 smithius:
1034 3935 1173 4007 inexerpon,
1198 3940 1243 3992 cui
1266 3936 1409 4000 subjectu

276 4048 312 4097 με
331 4025 459 4093 ἶπιτυχεῖν
476 4031 520 4078 τοῦ
531 4023 607 4093 aliga,
625 4021 654 4076 lla
666 4025 726 4093 (per
738 4034 834 4079 allinc-
862 4030 1032 4082 flaccentes:
1050 4013 1109 4091 imrp
1120 4023 1225 4091 ἔγκειμαι
1237 4021 1360 4088 ἐπιτυχεῖν
1371 4040 1407 4067 =

275 4119 381 4171 tionem
407 4112 533 4177 Relativi,
558 4100 598 4178 οὗ)
622 4115 756 4180 περίκειμαι
774 4115 790 4166 i.
810 4130 834 4165 e.
861 4116 943 4180 cujas
960 4115 1092 4183 particeps
1108 4115 1167 4181 (nri
1185 4113 1286 4164 studeo.
1382 4160 1385 4165 ,

275 4211 400 4267 corteno,
426 4217 504 4268 quom
522 4200 624 4254 circum
641 4217 682 4253 me
700 4202 779 4253 lateo
800 4220 834 4250 =
895 4200 924 4265 8)
944 4197 995 4249 Cir.
1010 4198 1135 4267 adllagn.
1149 4197 1199 4249 αἳ
1214 4204 1240 4248 et
1254 4195 1279 4246 4.
1299 4201 1352 4268 not.
1368 4190 1407 4252 10.

275 4309 334 4363 qua
361 4282 544 4342 circumdatus
557 4305 640 4343 ,ruam
683 4285 734 4338 Clr.
761 4290 835 4343 Nolle
861 4284 892 4336 ad
911 4283 985 4338 Trall.
1006 4300 1028 4336 c.
1048 4284 1072 4336 ³.

273 4378 295 4431 1.
308 4373 457 4444 e..p.,233‚
476 4374 519 4443 qui
538 4374 615 4426 etiam
628 4372 744 4439 conjicit:
764 4389 834 4441 nap-

1041 4424 1045 4431 ,
1131 4442 1211 4524 ψ,
1307 4422 1309 4427 ,

1379 4610 1387 4631 -
1419 4552 1526 4658 ι
