3659 5209
624 547 644 602 1.
664 545 847 603 ctuuttttrts
865 544 911 598 AD
932 543 1005 600 COR.
1024 545 1109 599 xutt'.
1126 545 1198 599 XLV.
1408 551 1470 616 115
1494 613 1496 616 ¹

343 713 399 787 ut,
433 726 521 788 quum
544 706 585 771 illi
607 706 826 787 decessissent,
858 706 1052 769 ministerium
1080 724 1183 770 eorum
1207 706 1256 769 alii
1277 707 1334 770 viri
1354 706 1472 789 probati

346 812 535 892 exciperent.
584 809 791 874 ¹‘constitutos
814 811 914 890 itaque
937 809 1071 889 abillis,
1102 810 1150 873 vel
1181 810 1323 893 deinceps
1345 813 1381 875 ab
1405 811 1471 877 aliis

346 912 451 977 ²viris
475 916 590 978 eximiis
614 911 850 989 ³consentieute
880 914 1020 978 universa
1052 916 1198 995 ecclesia,
1233 917 1343 997 quique
1373 916 1473 980 incul-

344 1029 419 1103 pate
450 1020 536 1102 gregi
568 1011 680 1082 Christi
710 1019 918 1081 deservierunt
953 1037 1019 1080 cum
1054 1019 1232 1098 humilitate,
1265 1021 1383 1100 quiete,
1417 1038 1474 1084 neo

345 1125 548 1201 illiberaliter,
582 1131 612 1185 et
640 1124 735 1205 longo
768 1129 902 1205 tempore
933 1124 970 1185 ab
1001 1126 1137 1186 omnibus
1159 1125 1358 1187 testimonium
1380 1142 1474 1205 prae·

346 1227 462 1291 clarum
486 1234 692 1309 reportarunt,
716 1227 772 1290 hos
802 1235 937 1308 putamus
961 1246 1086 1290 munere
1108 1244 1165 1290 suo
1189 1247 1249 1293 non
1273 1229 1355 1311 juste
1378 1229 1474 1310 dejici.

346 1333 418 1395 Non
442 1335 518 1394 enim
542 1333 610 1394 leve
634 1333 690 1394 erit
712 1339 866 1412 peccatum
890 1337 1041 1410 nostrum,
1074 1334 1099 1394 si
1131 1351 1201 1410 eos,
1234 1334 1285 1413 qui
1314 1339 1417 1395 sancte
1446 1338 1477 1395 et

347 1440 418 1501 sinc
449 1438 686 1519 reprehensione
717 1433 868 1498 ⁴munera
902 1436 1090 1514 obtulerunt,
1125 1438 1297 1519 episcopatu
1331 1438 1475 1519 ejicimus.

348 1543 433 1604 Beati
456 1542 634 1623 presbyteri,
658 1542 733 1603 viam
757 1542 841 1621 prius
865 1542 988 1619 emensi,
1012 1543 1062 1622 qui
1086 1541 1268 1605 fructuosam
1291 1543 1476 1623 perlectam·

348 1667 412 1728 que
443 1644 694 1710 ⁶dissolutionem
725 1648 901 1726 consequuti
932 1652 1017 1723 sunt3
1049 1665 1110 1709 non
1139 1649 1217 1709 enim
1245 1655 1405 1725 verentur,
1437 1665 1477 1709 ne

347 1753 418 1832 quis
449 1770 502 1814 eos
533 1751 692 1813 transierat
724 1752 761 1815 de
792 1752 861 1814 loco
893 1754 965 1832 ipsis
999 1753 1167 1815 constituto.
1214 1752 1355 1814 Videmus
1387 1752 1476 1830 enim,

305 1845 307 1850 ’
349 1857 433 1937 quod
465 1875 520 1919 vos
551 1858 710 1920 nonnullos
742 1857 868 1919 honeste
901 1844 1037 1917 viventes
1069 1856 1105 1917 ab
1136 1856 1251 1936 ollicio,
1285 1852 1393 1936 ⁶quod
1425 1856 1476 1917 in·

350 1963 470 2042 culpate
494 1968 610 2023 etcum
634 1963 751 2023 honore
775 1960 1013 2039 exequebantur,
1037 1960 1210 2022 dimovistis.

462 2152 548 2213 XLV.
593 2148 807 2227 improborum
829 2156 887 2224 est,
903 2149 1012 2226 fastos
1035 2165 1155 2210 vexare
1177 2156 1208 2210 et
1227 2150 1370 2229 dejicere.

443 2273 625 2335 Contentiosi
650 2271 738 2349 estis,
770 2269 897 2348 iratres,
921 2278 949 2332 et
973 2271 1002 2331 in
1026 2271 1134 2350 rebus,
1164 2264 1268 2351 ⁷quae
1291 2273 1327 2334 ad
1351 2272 1476 2335 salutem

350 2377 473 2441 minime
497 2377 653 2456 pertinent,
677 2377 796 2436 accensi
815 2375 892 2438 zelo.
933 2375 1101 2456 Scripturas
1124 2374 1283 2458 diligenter
1304 2369 1478 2456 ⁸inspicito,

352 2501 432 2563 quae
455 2476 610 2561 ⁹Spiritus
633 2481 727 2543 sancti
755 2499 827 2542 vera
857 2487 927 2542 sunt
950 2479 1078 2543 oracula.
1124 2473 1335 2558 ¹⁰·Attendite,
1366 2479 1396 2539 in
1421 2479 1478 2542 illis

352 2586 427 2649 nihil
459 2586 598 2667 injustum
627 2604 727 2666 neque
755 2600 933 2667 perversum
963 2585 1105 2665 scriptum
1138 2602 1215 2646 esse.
1260 2582 1327 2646 Non
1354 2583 1432 2644 enim
1461 2601 1479 2645 a

354 2692 428 2755 viris
462 2692 573 2753 sanctis
608 2691 765 2753 invenietis
795 2692 894 2772 justos
928 2690 1070 2771 rejectos.
1123 2688 1366 2750 Persecutiunem
1398 2687 1480 2768 passi

354 2801 424 2858 sunt
444 2796 525 2876 justi,
550 2794 603 2858 sed
628 2795 664 2857 ab
687 2795 795 2875 iniquis
803 2814 813 2871 3
840 2791 863 2830 ¹¹
880 2795 909 2855 in
933 2811 1086 2855 carcerem
1109 2799 1178 2855 sunt
1200 2791 1339 2872 conjecti,
1362 2790 1416 2852 sed
1440 2790 1478 2852 alt

354 2900 469 2979 impiis3
493 2899 613 2979 lapidati
636 2905 714 2976 sunt,
738 2898 791 2961 sed
814 2918 832 2960 a
854 2897 996 2974 nefariis3
1021 2896 1113 2959 occisi
1135 2901 1215 2973 sunt,
1237 2893 1291 2957 sed
1307 2913 1324 2956 a
1340 2893 1478 2957 scelestis

354 3008 385 3063 et
419 3003 529 3084 inJ'usto
545 3034 547 3038 Α
566 3002 634 3065 zelo
673 3003 812 3083 abreptis.
867 3001 949 3064 llaec
985 3003 1130 3081 patientes
1166 2999 1301 3082 gloriose
1339 2999 1477 3060 tulerunt.

356 3104 434 3178 ouiu
457 3107 550 3184 enim,
578 3105 702 3185 fratres,
736 3104 894 3168 dicemus?
945 3101 968 3141 '²
983 3105 1087 3168 Daniel
1110 3105 1140 3166 in
1163 3104 1334 3186 speluncam
1357 3103 1478 3166 leonum

299 3304 302 3313 ι
356 3238 452 3292 Bened
472 3241 554 3293 1726:
582 3245 711 3296 sacerdos
731 3245 804 3312 ptete
819 3260 903 3312 praa-
931 3242 1014 3294 dulam
1027 3257 1113 3292 curam
1125 3243 1156 3293 iis
1168 3249 1298 3310 praestare
1310 3239 1379 3293 soliti
1390 3242 1477 3305 simas,

299 3382 302 3387 ,
355 3336 430 3380 sente
450 3331 501 3381 eut
524 3331 642 3382 oninium
659 3331 747 3381 oculis
765 3331 903 3398 deligatur,
931 3343 997 3397 quae
1023 3329 1048 3379 in
1071 3328 1169 3380 honore
1194 3345 1225 3381 ac
1242 3329 1326 3397 pretio
1344 3326 1477 3391 habemus,

354 3423 380 3467 et
398 3416 497 3483 dignm
516 3425 590 3484 atquo
607 3418 718 3470 idoneus
734 3417 837 3484 publico
847 3417 902 3482 ju.
930 3415 1076 3481 letrovpylcr
1087 3417 1161 3478 τιμᾶν
1173 3415 1299 3480 dicuutur,
1318 3415 1360 3483 qui
1373 3425 1478 3464 muner!

356 3504 425 3555 dicio
444 3520 476 3554 ce
488 3506 637 3556 testimonio
653 3505 842 3571 comprobetur,
931 3516 976 3552 sua
997 3501 1134 3569 diligenter
1151 3501 1255 3554 obeunt.
1284 3505 1378 3553 Dinis.

354 3598 385 3642 ot
411 3591 485 3657 plebe
513 3598 652 3657 praesente
681 3591 723 3651 oet
752 3591 906 3657 detegantur
965 3587 996 3656 t)
1011 3583 1163 3650 Ἀνηκόντων
1175 3586 1206 3643 εἰς
1216 3589 1340 3652 σωτηρίαν.
1362 3583 1479 3637 Eandem

354 3679 486 3728 maloram
500 3678 623 3741 crimina,
641 3677 827 3729 vellanorum
845 3692 903 3728 me·
929 3672 1167 3741 locutionemlegas
1177 3673 1244 3740 apud
1253 3673 1278 3725 S.
1285 3676 1400 3727 Bamal.
1410 3669 1478 3723 old.

354 3763 409 3814 rito
426 3763 621 3830 praedicentur·
965 3759 994 3823 8)
1013 3759 1059 3811 tta.
1078 3757 1245 3827 ἒν[κὺπτετε].
1282 3758 1334 3811 cfr.
1353 3776 1376 3811 c.
1395 3758 1437 3808 to.

390 3845 419 3910 l)
445 3844 465 3896 l.
485 3863 510 3898 e.
534 3849 668 3912 competa
692 3849 756 3900 novt
778 3839 903 3914 (aeduis,
966 3846 995 3910 9)
1013 3845 1052 3896 Ad
1076 3847 1180 3897 tertiam
1198 3860 1332 3913 pomonam
1356 3844 1401 3896 SS.
1419 3839 1478 3891 l'ri·

352 3932 401 3985 cfr.
423 3929 529 3984 constit.
548 3930 637 4000 Apost.
656 3932 710 3986 Lib.
731 3932 794 3983 Vlll.
816 3951 837 3986 c.
858 3932 904 3984 te:
931 3932 1016 3982 nitatis
1028 3931 1169 3984 hecrclert
1181 3934 1253 4000 Klee,
1273 3922 1477 3998 uogmengecctn

351 4018 378 4070 οἱ
396 4016 504 4068 διάκονοι
521 4023 706 4087 προσαγέτωσαν
730 4015 762 4070 τοὶ
784 4017 849 4087 δῶρα
871 4020 906 4084 τῷ
931 4017 952 4082 1,
970 4017 1030 4070 210.
1331 4008 1338 4017 ’

350 4101 481 4170 ἓπισκόπῳ
498 4103 558 4172 πρὸς
574 4103 604 4156 τό
621 4102 796 4172 θυσιαστὴριον.
950 4104 996 4169 10)
1017 4104 1061 4157 Mt.
1080 4102 1233 4165 horaeon«,
1251 4101 1327 4154 malo.

390 4193 419 4257 5)
440 4190 491 4244 Cir.
512 4191 535 4242 ll
547 4190 608 4243 Tim.
628 4192 660 4257 t,
679 4192 709 4242 6:
736 4185 847 4262 decede
865 4191 906 4254 τῆς
950 4189 996 4254 11)
1014 4189 1050 4242 lta
1068 4191 1112 4244 llis.
1131 4197 1197 4243 toste
1215 4187 1368 4241 Jacobsono.

349 4277 410 4344 ἒμῆς
427 4272 560 4335 &valelemus
580 4276 712 4342 ἐφέστηκεν.
951 4277 997 4346 12)
1015 4276 1079 4329 Dan.
1098 4278 1125 4344 6,
1144 4277 1186 4328 16.

344 4408 348 4417 .
389 4363 419 4430 6)
443 4364 604 4431 Τετιμημένης
615 4364 766 4432 λειτουργίας.
785 4359 847 4415 Cum
858 4377 905 4416 te·

1215 4447 1271 4514 8*
1431 4478 1582 4662 r
