3659 5209
573 327 680 391 dentur
701 346 718 389 a
740 327 871 408 pristinis
895 328 1035 415 peccatis.
1080 326 1261 389 Erudientur
1290 327 1379 388 enim
1418 325 1567 388 doctrina
1597 325 1604 385 i

571 438 604 495 tu
622 433 767 515 jamnon
789 430 882 493 fueris
904 449 1020 494 memor
1042 432 1167 514 injuriae
1190 430 1317 492 illorum.
1347 429 1534 497 ¹Memorio
1567 447 1606 491 en

570 537 716 620 juriacum
737 520 862 598 mortem
885 542 1043 618 operatur,
1066 536 1178 603 obllvio
1200 552 1273 597 vero
1297 553 1409 597 aarum
1441 535 1542 599 vitam
1565 541 1606 596 aet

574 642 620 704 'lu
643 647 757 719 autem,
787 640 910 720 Herma,
928 648 1062 724 'magnas
1085 637 1318 704 ⁶tribulationes
1352 639 1528 703 seculares
1562 657 1606 703 sus

574 750 697 826 propter
719 746 991 825 praevaricationes
1014 746 1118 810 domus
1142 754 1227 825 tuae,
1259 745 1410 825 quoniam
1446 745 1538 824 illas,
1571 750 1601 808 ut

575 847 647 910 nihil
670 848 872 928 pertinentes,
895 850 1072 932 neglexisti,
1099 855 1129 913 et
1151 851 1181 912 in
1204 849 1480 932 negotiationibus
1504 850 1566 913 tuis
1589 869 1606 911 n

575 950 732 1032 implicitus
757 970 799 1015 es.
845 953 903 1018 Sed
927 954 996 1017 illud
1019 961 1049 1017 te
1071 956 1185 1019 salvum
1208 955 1305 1033 iaciat,
1333 954 1422 1034 quod
1455 974 1523 1019 non
1550 955 1606 1018 disc

577 1056 675 1118 olleo
691 1056 771 1119 vivo.
819 1051 879 1121 ⁷Et
902 1059 1072 1140 simplicitas
1095 1067 1145 1123 tua
1168 1066 1198 1123 et
1212 1058 1378 1141 singularis
1396 1061 1603 1138 continentia

577 1158 686 1222 facient
708 1167 748 1239 te,
770 1160 796 1223 si
819 1164 1029 1242 permanseris.
1073 1162 1110 1226 Et
1133 1182 1236 1228 omnes
1258 1164 1364 1227 salvos
1388 1163 1523 1246 facient,
1549 1166 1606 1247 qui

576 1265 783 1348 hujuscemodi
807 1274 978 1347 operantur,
1003 1275 1032 1330 et
1054 1269 1261 1351 ingrediuntur
1283 1270 1313 1330 in
1339 1269 1528 1334 innocentia
1557 1278 1588 1333 et

576 1371 673 1433 citate.
721 1371 771 1449 lli,
808 1372 864 1450 qui.
885 1371 1053 1454 hujusmodi
1085 1381 1168 1453 sunt,
1203 1374 1393 1439 invalescent
1427 1375 1590 1441 adversus

576 1477 738 1557 nequitias,
771 1484 801 1538 et
823 1479 1039 1558 permanebunt
1061 1481 1091 1544 iu
1114 1482 1201 1544 vitam
1231 1484 1396 1542 aeternam.
1448 1479 1577 1544 Felices
1605 1514 1606 1528 κ

576 1580 627 1664 qui
639 1588 799 1663 operantur
811 1571 953 1664 justitiam
962 1605 971 1660 3
987 1602 1047 1647 non
1060 1586 1251 1648 absumentur
1266 1578 1389 1664 ⁸usque
1402 1584 1436 1649 in
1450 1586 1549 1650 vitam
1561 1593 1606 1648 ael

576 1687 666 1749 Dices
695 1693 809 1755 aulem:
844 1681 945 1750 ⁹ecce
975 1708 1081 1771 magna
1113 1689 1259 1753 tribulatio
1291 1689 1386 1767 venit.
1435 1689 1472 1754 Si
1507 1691 1562 1753 tibi
1593 1711 1606 1753 t

602 1860 639 1924 l)
655 1857 691 1911 lta
700 1875 758 1911 cum
769 1858 872 1929 nogara
881 1858 1016 1929 (synopsis
1026 1861 1124 1930 Evaog.
1183 1863 1213 1930 4)
1231 1864 1319 1918 Nimia
1332 1860 1403 1913 idem
1415 1861 1508 1928 valet,
1522 1862 1595 1933 quod

575 1963 601 2015 p.
620 1945 666 2014 92)
693 1945 828 2015 legendum
854 1956 932 2014 puto,
963 1951 1005 2017 qui
1033 1949 1124 2000 codice
1152 1953 1235 2019 Oxos.
1255 1952 1331 2001 Eorr.
1545 1945 1547 1949 ’

575 2032 701 2085 Dresdeu.
725 2049 784 2084 usus
811 2040 858 2085 est.
894 2033 986 2085 'lentus
1005 2034 1124 2103 receptus
1186 2036 1214 2104 5)
1233 2033 1252 2088 l.
1272 2052 1294 2086 c.
1316 2050 1447 2089 worm.
1491 2035 1547 2089 cfr.
1568 2053 1606 2107 cap

575 2119 667 2172 habeta
686 2125 731 2190 qui
748 2123 915 2190 denepocarit
926 2125 1028 2175 Filium
1046 2133 1071 2177 et
1085 2140 1124 2187 ae,
1152 2123 1247 2175 cedens
1265 2138 1290 2190 p.
1310 2121 1370 2173 327.
1389 2130 1445 2175 not.
1469 2124 1497 2176 5.

576 2210 733 2276 apcadaatea
751 2224 781 2261 ae
798 2211 882 2262 citam
900 2210 979 2261 itlius
992 2215 1042 2259 etc.
1073 2208 1124 2261 Cir.
1187 2210 1215 2273 6)
1235 2208 1285 2261 Cir.
1295 2224 1371 2277 supra
1381 2207 1435 2261 Vis.
1445 2208 1467 2274 l,
1480 2209 1507 2263 3.
1522 2227 1547 2278 p.
1558 2209 1606 2263 324

577 2292 663 2345 llatth.
686 2293 728 2358 10,
747 2293 789 2344 33.
1187 2298 1215 2361 7)
1235 2297 1273 2349 Er
1296 2294 1452 2348 immodesta
1481 2297 1534 2349 luae
1553 2297 1606 2349 laur

590 2448 593 2453 Ι
611 2380 640 2443 2)
660 2376 679 2430 l.
696 2395 719 2431 e.
737 2378 845 2432 Patrem.
1152 2383 1214 2436 nulli
1238 2385 1285 2435 viri
1310 2381 1378 2433 docti
1403 2383 1574 2438 authentiam
1596 2384 1606 2436 l

612 2466 640 2530 3)
661 2469 863 2536 lamponianus,
877 2471 960 2523 citam
978 2486 1057 2523 auom
1075 2477 1124 2521 etc.
1152 2477 1250 2540 gerunt.
1286 2466 1337 2521 cn.
1356 2466 1411 2519 Vis.
1430 2468 1453 2533 l,
1475 2470 1547 2522 2'et
1567 2475 1606 2526 δι

576 2575 611 2603 =
630 2553 672 2621 qui
699 2561 815 2621 tempore
841 2557 1026 2621 persecutionis
1050 2557 1125 2610 iidem
1153 2558 1170 2608 l.
1195 2573 1218 2609 c.
1246 2571 1271 2623 p.
1295 2553 1339 2607 25.
1380 2553 1514 2615 &iwan
1533 2574 1601 2612 vero

577 2640 820 2673 alsuanum-:snm
831 2657 900 2672 arram
911 2657 943 2672 um
974 2659 1022 2672 mn
1043 2643 1104 2672 ul..-
1153 2661 1183 2672 ....
1202 2643 1225 2671 8.
1292 2657 1356 2671 mma·
1375 2641 1423 2670 {ss-2
1445 2659 1461 2670 η
1484 2660 1501 2670 ..
1522 2661 1604 2670 .-....
