3659 5209
602 507 1232 627 nurumrumcouxxnnxxny.
1436 561 1479 625 99

351 699 500 763 tissimum
519 706 549 763 et
565 701 732 766 intellectus
748 701 891 786 dignitate
906 705 1113 787 celsissimum,
1136 709 1295 793 bominem,
1323 712 1479 802 ¹irnaginis

351 821 429 869 suae
454 805 675 885 characterem,
707 809 801 871 sacris
828 815 858 871 et
884 810 1061 873 intaminatis
1084 815 1218 879 manibus
1242 815 1386 883 formauit
1430 822 1480 886 Sic

351 910 432 972 cuim
456 909 526 973 dicit
549 911 650 973 Deus:
678 907 691 947 ²
704 909 865 988 suciamus
887 916 1042 1003 bominem
1064 917 1107 979 ad
1127 919 1291 1000 ienaqinem
1314 931 1344 983 et
1365 925 1478 987 simiti-

350 1015 492 1077 tudinem
524 1023 682 1089 nostram
716 1024 747 1079 et
777 1020 897 1082 maduit
926 1021 1014 1082 Deus
1047 1023 1216 1103 bominem,
1249 1029 1419 1090 musculum
1451 1040 1481 1094 et

346 1119 520 1199 foeminum
554 1121 676 1182 creauit
710 1140 772 1185 eoa.
826 1123 907 1187 Haeo
939 1125 1030 1207 igitur
1063 1128 1161 1190 omnia
1192 1148 1259 1195 cunr
1292 1131 1479 1215 perfecisset,

348 1224 485 1288 laudavit
508 1244 553 1304 ea,
578 1232 608 1288 et
630 1225 794 1307 benedixit,
817 1227 970 1310 dixitque:
995 1225 1150 1294 ³erescite
1171 1241 1201 1295 et
1222 1236 1480 1315 multiplicemini.

348 1329 530 1410 Videamus,
560 1326 681 1413 ⁴justus
712 1351 816 1396 omnes
846 1334 934 1397 bonis
958 1335 1101 1417 operibus
1125 1343 1247 1401 ornatos
1271 1340 1383 1416 tuisse3
1415 1343 1480 1423 ipse

349 1434 440 1498 etiam
457 1435 611 1515 Dominus,
627 1437 769 1518 operibus
785 1455 820 1501 se
836 1439 931 1520 ipsum
947 1458 1069 1519 ornans,
1093 1443 1215 1522 gavisus
1232 1449 1287 1506 est.
1329 1445 1480 1509 Habentes

347 1540 454 1620 itaque
478 1539 535 1603 boc
560 1538 756 1622 ⁵exemplar,
786 1543 824 1605 ad
847 1544 1028 1607 voluntatem
1052 1546 1118 1628 ejus
1141 1547 1268 1632 impigre
1291 1549 1479 1630 accedamus,

348 1639 408 1706 ⁶et
431 1644 500 1706 totis
526 1645 636 1708 nostris
659 1647 771 1710 viribus
794 1665 871 1728 opus
890 1649 1024 1731 justitiae
1047 1667 1214 1730 operemur.
1286 1683 1288 1688 ·

346 1835 483 1899 XXXIV.
520 1835 620 1900 Bonis
636 1838 784 1917 operibus
799 1859 914 1920 mupuc
929 1841 1016 1918 apud
1031 1841 1130 1902 Deum
1144 1862 1270 1906 merces.
1298 1843 1479 1910 Concordia

617 1943 722 2022 juncti
743 1961 906 2021 precemur
930 1962 997 2004 eum
1020 1962 1041 2003 a
1061 1943 1207 2008 Domino.

441 2063 544 2127 Bonus
576 2064 732 2144 operarius
763 2063 844 2126 bono
876 2062 973 2125 auimo
1003 2080 1110 2142 panem
1143 2066 1244 2146 operis
1277 2069 1323 2131 sui
1354 2071 1460 2153 accipit
1468 2093 1478 2148 ς

345 2169 458 2252 segnis
495 2185 570 2231 vero
606 2173 636 2228 et
664 2166 807 2229 remissus
839 2167 1003 2229 locatorem
1035 2183 1121 2229 suum
1151 2186 1212 2230 non
1243 2169 1332 2234 audet
1360 2175 1477 2236 intueri.

346 2272 481 2354 Oportet
511 2289 585 2354 ergo
618 2288 674 2332 nos
706 2269 742 2333 ad
772 2271 883 2334 bonum
917 2269 1085 2334 iaciendum
1114 2278 1231 2352 promto
1263 2275 1361 2338 animo
1392 2294 1478 2354 esse3

346 2395 365 2440 a
394 2370 486 2438 ²Deo
510 2376 588 2438 enim
612 2376 709 2438 omniu
732 2377 935 2459 porriguntur.
981 2374 1128 2438 Praedicit
1150 2376 1227 2439 enim
1249 2377 1354 2441 nobis:
1380 2373 1480 2440 ⁸ecce

345 2481 523 2557 Dominus,
557 2488 587 2542 et
614 2499 731 2543 merces
761 2480 830 2558 ejus
860 2499 967 2543 coram
993 2481 1080 2559 ipso,
1110 2488 1146 2542 ut
1173 2478 1285 2543 reddat
1312 2480 1481 2562 unicuique

348 2586 524 2652 secundum
546 2605 625 2666 opus
648 2605 747 2650 suum.
792 2587 895 2668 ltaque
917 2583 1103 2648 adhortando
1125 2602 1183 2649 nos
1206 2580 1266 2647 ⁹ad
1285 2584 1381 2667 ipsum
1402 2603 1480 2648 con-

350 2692 446 2756 vertit
468 2697 531 2754 toto
555 2691 663 2770 corde,
691 2692 733 2753 'ne
760 2708 872 2774 segnes
900 2697 931 2753 et
959 2688 1079 2753 desides
1109 2690 1201 2754 simus
1231 2688 1268 2751 ad
1291 2707 1379 2752 omne
1404 2707 1480 2772 opus

350 2798 476 2860 bonum.
521 2795 665 2859 Gloriatio
688 2799 791 2858 nostra
815 2801 844 2857 et
867 2794 974 2858 fiducia
997 2795 1027 2855 in
1057 2794 1122 2875 ipso
1153 2795 1191 2858 sit
1197 2814 1207 2871 ;
1239 2793 1382 2857 voluntati
1413 2795 1480 2873 ejus

349 2900 556 2983 subjiciamur,
580 2905 610 2962 ct
624 2898 837 2963 multitudinem
852 2899 1022 2961 universam
1038 2898 1214 2980 angelorum
1237 2899 1303 2980 ejus
1320 2898 1481 2979 diligenter
1513 2962 1516 2967 ,

350 3003 599 3083 consideremus,
630 3001 781 3084 quomodo
811 3001 963 3065 adstantes
989 3001 1171 3065 voluntatem
1193 3002 1259 3083 ejus
1283 3009 1478 3082 exequantur.

351 3108 434 3170 Dicit
455 3107 532 3169 enim
548 3105 716 3189 Scriptura:
744 3086 859 3170 '⁰dede
879 3106 980 3168 millia
1003 3105 1116 3168 denum
1136 3106 1266 3167 millium
1290 3104 1480 3168 assistebant

350 3212 402 3289 ei,
434 3219 465 3274 et
489 3211 572 3275 mitte
599 3213 700 3275 mittio
728 3209 946 3275 deserviebant
966 3210 996 3271 ei
1021 3206 1087 3271 ¹¹et
1107 3209 1303 3273 clamabunt:
1332 3209 1478 3287 Sanetus,

349 3317 501 3393 Sanetus,
525 3315 658 3381 Sanctus
673 3315 829 3379 Dominus
847 3312 1005 3388 sabaotb·
1025 3314 1122 3393 pleno
1142 3322 1188 3377 eat
1211 3315 1311 3378 omnia
1333 3323 1480 3377 ereatura

350 3419 461 3502 pierio
483 3422 561 3500 ejus.
606 3420 644 3483 Et
666 3437 722 3484 nos
746 3437 822 3503 ergo
846 3415 1070 3481 ¹²conscientia
1092 3417 1188 3495 ducti,
1212 3418 1243 3480 in
1265 3418 1426 3481 concordia
1448 3417 1479 3477 iu
1588 3470 1592 3477 .

352 3524 447 3588 unum
469 3525 662 3608 congregati,
685 3531 822 3605 tanquam
846 3542 886 3587 cx
908 3541 970 3587 uno
994 3541 1048 3586 ore
1071 3522 1108 3586 ad
1130 3523 1226 3605 ipsum
1248 3521 1423 3599 clamemus,
1447 3525 1480 3582 ut

352 3610 530 3712 magnarum
553 3636 584 3693 et
605 3629 803 3713 gloriosamm
826 3627 1057 3722 promissionum
1089 3628 1155 3709 ojus
1183 3626 1343 3708 participes
1365 3624 1478 3689 fiamus.

391 3936 422 4001 6)
440 3935 541 3991 Boisius
560 3947 586 3990 et
603 3938 737 3993 Wottonus
755 3938 858 4005 volunt,
876 3947 904 3990 ut
967 3940 995 4004 9)
1013 3936 1117 3989 Daririo
1136 3934 1221 4005 plecet
1238 3933 1279 3985 int
1297 3932 1326 3986 τό
1344 3931 1378 4000 μ»)
1395 3926 1479 3999 dereris

354 4024 458 4092 legatur
474 4026 515 4073 net
533 4033 592 4078 ante
609 4023 640 4085 ἒξ.
930 4045 952 4075 κ.
969 4043 992 4074 τ.
1009 4025 1031 4073 λ.

390 4112 420 4175 7)
440 4110 481 4163 Sc.
495 4109 559 4160 Θεοῦ
571 4127 617 4165 seu
629 4108 809 4179 ipyouapdxrov.
830 4109 903 4162 Boas.
951 4110 996 4175 10)
1014 4109 1080 4161 Dan.
1100 4111 1126 4176 7,
1146 4108 1187 4160 10.

390 4196 422 4261 e)
441 4195 499 4248 mr.
518 4197 566 4263 m,
586 4197 626 4250 ro.
651 4197 701 4263 aa,
720 4198 762 4248 11.
799 4195 904 4263 Apocot.
951 4195 996 4261 11)
1014 4195 1071 4247 mr.
1091 4195 1117 4260 e,
1135 4196 1160 4248 a.

355 4282 402 4347 22,
423 4281 465 4333 12.
950 4280 996 4347 12)
1015 4279 1067 4333 Gir.
1081 4296 1157 4350 supra
1170 4296 1193 4334 c.
1204 4280 1229 4331 2.
1242 4295 1302 4348 pag.
1311 4276 1354 4330 55.
1363 4273 1423 4328 rtoa
1435 4269 1476 4322 13·

1221 4366 1240 4429 ⁷
1451 4486 1604 4664 r
