3659 5209
606 529 766 586 setsrots
783 531 828 585 AD
847 530 1048 586 Dtounsruu.
1066 530 1109 586 111.
1126 532 1169 588 lll.
1384 541 1449 607 303

311 691 455 755 stimant.
498 692 539 756 At
567 693 604 773 ii,
636 694 686 775 qui
715 712 771 775 por
800 694 975 777 sanguinem
1007 702 1036 758 et
1063 694 1200 760 nidorem
1226 704 1257 760 et
1278 697 1450 764 holocausta

311 792 359 861 ui
393 798 539 861 sacrificia
573 798 741 879 conficere,
775 800 881 880 hisque
910 800 1076 863 honoribus
1108 819 1175 864 eum
1208 819 1317 865 ornare
1338 810 1450 885 putant,

311 902 350 967 ti
372 903 449 966 nihil
472 902 507 966 ab
532 903 567 965 iis
591 903 712 967 dillerre
735 903 804 965 miti
827 902 975 984 videntur,
1003 905 1054 986 qui
1077 905 1201 968 eandem
1224 906 1451 971 munificentiam

311 1000 477 1085 »maestam
497 1005 612 1070 ¹sensu
635 1008 813 1087 carentibus,
837 1027 915 1088 quae
938 1010 1096 1092 percipere
1118 1010 1264 1074 honorem
1288 1010 1368 1074 huno
1389 1031 1450 1077 non

311 1119 467 1189 tessunt3
501 1109 596 1176 ²cum
618 1131 726 1177 revera
748 1111 856 1175 nullius
878 1112 924 1175 rei
946 1112 1049 1198 indigo
1079 1116 1136 1198 ipsi
1164 1115 1273 1197 aliquid
1302 1117 1450 1198 praebere

311 1224 434 1283 tutent.

311 1406 360 1477 Y.
417 1409 532 1494 Cetera
554 1396 749 1483 dedecorem
772 1409 918 1472 instituto
940 1430 1005 1475 oon
1030 1410 1157 1491 aptiora
1186 1421 1261 1475 snat
1285 1415 1328 1477 od
1349 1415 1449 1477 Deum

801 1517 971 1579 colendam.

406 1637 450 1701 At
471 1656 545 1701 vero
568 1656 672 1701 eorum
696 1637 794 1719 quoad
818 1639 901 1702 cibos
926 1640 1125 1722 timiditatem,
1153 1647 1182 1703 et
1205 1643 1447 1724 superstitionem

311 1742 398 1809 drea
424 1743 558 1822 sabbata,
581 1747 611 1804 et
629 1743 799 1826 jactantiam
822 1743 860 1806 de
880 1745 1117 1826 circumcisione,
1141 1753 1171 1808 et
1186 1765 1264 1828 quae
1280 1747 1317 1810 de
1329 1749 1446 1830 jejunio

311 1854 334 1913 st
349 1848 534 1923 ,noviluniis
557 1848 742 1912 celebrandis
765 1849 918 1929 simulant,
952 1869 1028 1930 quae
1050 1851 1173 1915 ridicula
1195 1859 1262 1915 sunt
1287 1859 1317 1915 et
1339 1849 1446 1917 ³nulla

311 1955 534 2021 remoratione
565 1952 673 2035 digna,
708 1953 758 2015 tibi
788 1974 804 2016 a
835 1974 882 2016 me
913 1954 1054 2019 discenda
1086 1975 1156 2021 esse
1188 1955 1277 2021 ⁴noo
1309 1959 1445 2022 arbitror.

311 2062 388 2135 turn
415 2078 537 2139 eorum,
569 2077 645 2140 quae
668 2080 684 2122 a
706 2060 772 2122 Deo
794 2060 824 2123 in
847 2079 934 2123 usum
956 2059 1114 2123 lominum
1145 2070 1244 2125 creata
1271 2069 1355 2142 sunt,
1389 2064 1445 2127 alia

311 2165 438 2253 [uidem
462 2171 599 2245 nmquam
620 2169 704 2227 recte
727 2171 826 2227 creata
849 2166 1001 2246 accipere,
1029 2166 1085 2230 alia
1110 2185 1201 2245 vero,
1226 2173 1257 2229 ut
1279 2167 1392 2230 inutilia
1415 2175 1445 2231 et

311 2256 542 2355 upervnoariea
573 2287 731 2349 recusare,
772 2270 923 2352 quomodo
958 2267 1030 2332 ⁵las
1060 2270 1124 2334 sit?
1169 2271 1214 2333 De
1248 2271 1312 2334 Deo
1346 2279 1444 2336 autem

311 2375 445 2453 sentiri,
470 2382 572 2437 vetare
596 2392 664 2437 eum
687 2375 756 2437 boni
780 2376 889 2458 aliquid
910 2377 959 2440 die
979 2377 1090 2439 sabbati
1111 2395 1268 2460 peragere,
1293 2379 1442 2459 quomodo

311 2476 437 2566 mium
452 2497 513 2543 noo
529 2479 592 2542 sit?
636 2478 671 2540 Et
687 2479 725 2542 de
745 2482 844 2544 carnis
865 2477 1104 2560 ⁶imminutione,
1127 2488 1264 2562 tanquam
1286 2482 1442 2546 electionis

311 2585 499 2664 estimonio,
522 2584 655 2666 gloriari,
680 2585 764 2666 quasi
788 2586 826 2649 ob
844 2606 915 2650 -eam
939 2587 1104 2651 eminenter
1127 2586 1225 2650 dilecti
1246 2588 1306 2651 sint
1327 2606 1344 2649 a
1366 2587 1442 2667 Deo,

311 2690 468 2777 [uomodo
492 2691 643 2754 derisione
666 2709 726 2754 non
750 2692 788 2755 sit
811 2691 958 2776 dignum?
1002 2691 1063 2753 Eos
1086 2697 1183 2753 autem
1207 2698 1363 2755 versantes
1389 2685 1443 2754 ⁷in

311 2796 566 2877 cntempletione
588 2796 739 2859 stellarum
763 2802 793 2859 et
815 2792 949 2875 ⁸luoae,
978 2790 1210 2859 ⁹obscrvaticni
1236 2797 1380 2860 mensium
1411 2803 1443 2859 et

311 2906 433 2971 lterum
457 2902 573 2965 deditos
596 2919 683 2983 esee,
714 2909 744 2965 et
766 2903 821 2965 Dei
846 2898 873 2941 ¹⁰
888 2901 1080 2965 oeconomias
1103 2919 1138 2964 ae
1161 2906 1327 2982 temporum
1351 2901 1441 2966 vicis·
1526 2960 1530 2968 .

311 3174 331 3219 st
352 3162 458 3215 dierum
476 3162 596 3215 lectorum
617 3162 642 3213 in
661 3170 717 3214 ortu
736 3159 864 3215 stellarum
891 3163 923 3212 sit
940 3177 972 3212 au
989 3176 1056 3226 nor,
1081 3162 1164 3213 teneri
1183 3177 1241 3212 eum
1258 3161 1375 3214 victimae
1394 3177 1441 3230 pro

311 3256 442 3314 sumunt,
470 3249 520 3301 hoc
543 3249 637 3314 modo,
664 3257 706 3314 ut,
735 3266 790 3301 cum
813 3257 865 3301 tres
891 3248 985 3301 delicto
1004 3248 1082 3300 dubio
1100 3247 1284 3301 immolandaes
1313 3250 1355 3318 qui
1375 3263 1441 3300 con-

311 3337 406 3391 stellee
430 3337 566 3388 mediocris
591 3336 770 3406 magnitudinis
791 3352 863 3388 com·
890 3336 988 3402 spicata
1017 3351 1082 3402 una,
1113 3334 1181 3387 hune
1210 3334 1317 3388 liberum
1343 3351 1401 3387 esse
1426 3350 1441 3386 e

311 3423 458 3493 ramerius,
483 3431 584 3475 noctem
606 3440 663 3476 esse
682 3424 782 3476 dicante
807 3439 863 3475 cum
890 3422 1023 3474 sacrificio.
1051 3428 1149 3475 Boreo.

311 3510 391 3576 luae,
410 3516 509 3577 tempus
522 3525 588 3575 esse,
607 3510 781 3579 quodvocent
795 3514 865 3564 intes·
925 3510 955 3573 8)
992 3508 1129 3563 Novilunia
1171 3508 1317 3562 celebrandi
1354 3522 1439 3561 causa.

311 3600 404 3655 ndens
433 3612 490 3648 enm
513 3613 577 3663 une,
605 3599 671 3649 diem
699 3598 801 3666 proprie
828 3600 864 3650 sic
890 3599 988 3646 Burei.

311 3684 409 3737 dietum
438 3683 548 3736 nondum
579 3685 671 3738 exiisse
701 3684 862 3737 contendant.
924 3681 953 3747 9)
974 3682 1058 3735 Verba
1075 3683 1139 3735 haec
1157 3684 1237 3751 petita
1262 3690 1320 3735 sunt
1344 3698 1377 3734 es
1397 3699 1438 3750 ep.

311 3770 477 3839 Quapropter
502 3769 567 3823 haec
593 3771 635 3823 lex
662 3772 728 3840 apud
751 3770 864 3824 Judeeos
890 3767 1065 3836 adnotate,
1086 3771 1126 3822 10.

311 3858 436 3913 obtinuit:
463 3859 607 3927 quicunque
632 3858 673 3910 die
692 3859 796 3911 Veneris
815 3873 863 3910 ex·
908 3857 952 3922 10)
972 3855 1150 3911 Ordinationes
1169 3858 1193 3908 in
1212 3873 1296 3909 remur
1310 3854 1439 3907 universi-

311 3953 406 4010 sunte,
433 3947 501 3999 eirca
525 3946 622 3997 initium
640 3946 756 4011 sabbati,
783 3945 863 3997 stellis
889 3952 969 3996 tatea
984 3944 1040 3998 Deo
1053 3944 1147 3997 lactas:
1167 3950 1192 3994 et
1204 3942 1254 3994 hoc
1265 3941 1365 4010 quidem
1378 3939 1438 3992 loco

311 4032 393 4085 tribus
406 4033 577 4085 mediocribus
591 4034 733 4102 conspectis
743 4040 863 4101 operatos
889 4039 1068 4098 tempestatum
1086 4029 1274 4085 vicissitudines
1292 4045 1307 4079 e
1325 4026 1381 4078 lleo
1400 4027 1438 4078 sic
1533 4052 1535 4057 ·

311 4118 400 4184 luerit,
419 4135 477 4171 eum
493 4135 624 4187 peccasse,
644 4120 761 4187 adeoque
780 4121 863 4170 teneri
889 4118 1026 4186 dispositae
1040 4117 1088 4168 hac
1101 4133 1166 4169 voce
1179 4116 1437 4185 significantur,'quss

311 4205 438 4259 nmificio
456 4206 579 4274 piaculari
592 4206 741 4258 offerendos
760 4207 802 4273 qui
820 4207 862 4257 vi·
888 4207 972 4260 statim
990 4205 1051 4256 dicit
1068 4206 1154 4273 καιρῶν
1171 4197 1277 4270 dtteyolc
1302 4205 1401 4253 Boura.

311 4294 344 4347 aa
357 4292 468 4359 ennon,
487 4248 877 4360 consolatiotionem!

1440 4562 1566 4664 Ι
