3659 5209
545 556 565 611 l.
584 554 766 613 cluduntts
785 556 830 613 tu
851 555 925 612 COR.
944 557 1166 621 titatium.
1357 569 1416 635 101

329 717 366 801 n'l¹
386 719 488 782 enim:
515 717 646 782 ¹oculus
669 738 733 782 non
756 712 854 796 uidit,
872 738 930 780 nec
953 720 1043 781 auris
1065 720 1199 800 audiuit,
1224 744 1281 786 nec
1303 727 1337 789 in
1364 748 1420 792 cor

329 824 427 887 tiinis
452 827 607 902 ascendit,
631 832 749 906 quanta
767 826 977 904 praeparauit
1002 826 1258 903 exspectantibus
1280 848 1354 891 eum.

329 1010 407 1076 XV.
439 1014 593 1077 immensa
609 1024 657 1078 est
669 1017 747 1078 daec
761 1035 889 1077 marces.
908 1015 1078 1098 ‚Quomodo
1095 1036 1296 1098 assequemur
1312 1020 1420 1083 illan?

329 1135 479 1208 -·Qnam
503 1136 605 1214 beata,
630 1137 744 1216 dilecti,
776 1143 806 1199 et
827 1138 970 1200 mirabilia
994 1144 1063 1200 sunt
1085 1139 1162 1202 done
1185 1139 1257 1202 Dei!
1302 1143 1368 1203 Vita
1391 1145 1421 1205 in

329 1241 531 1318 nortalitate,
556 1241 698 1321 splendor
720 1245 749 1303 in
770 1243 899 1322 justitia,
932 1243 1042 1304 veritas
1066 1244 1095 1303 in
1119 1243 1271 1322 libertate,
1294 1244 1369 1306 fides
1392 1246 1421 1306 in

329 1343 492 1420 tfidentia,
527 1348 720 1425 temperantia
752 1349 987 1424 in·sanctitate;
1023 1346 1180 1411 ²attamen
1215 1350 1289 1410 haec
1324 1352 1422 1411 omnia

337 1482 351 1493 „
377 1447 568 1538 intellectum
601 1455 733 1512 nostrum
764 1451 878 1514 cadunt.
925 1452 1076 1525 Quaenam
1109 1454 1199 1535 igitur
1228 1459 1313 1532 sunt,
1345 1473 1422 1533 quae

329 1551 631 1630 :pectantilruseum
654 1571 680 1632 j·
717 1549 736 1633 J
757 1585 763 1595 ·
785 1556 893 1616 :real
932 1557 1138 1620 sanctissimus
1155 1558 1258 1637 opifex
1283 1564 1311 1618 et
1328 1577 1422 1620 secu-

329 1673 386 1716 um
414 1660 500 1734 pater
523 1654 606 1717 solus
635 1669 666 1726 ,o
695 1650 834 1731 :rius-mer
855 1666 889 1720 et
918 1659 1164 1740 pulchritudinem
1195 1679 1299 1723 eorum
1330 1662 1421 1724 norit.

329 1777 344 1821 s
364 1758 473 1840 igitur,
496 1765 527 1820 ut
541 1747 920 1839 promissorimdonorum
936 1767 1096 1847 participes
1113 1767 1226 1844 liumus,
1249 1767 1278 1828 in
1297 1784 1421 1828 numero

329 1863 530 1946 spectantium
553 1882 620 1925 eum
644 1868 781 1947 reperiri,
805 1886 920 1931 summo
945 1871 1044 1931 studio
1068 1870 1290 1932 contendamus.
1333 1870 1420 1943 Quo-

329 1967 379 2031 dlo
414 1974 514 2029 autem
545 1967 603 2029 hoc
632 1969 700 2047 fiet,
735 1970 861 2032 dilecti?
918 1971 948 2033 st
978 1969 1064 2031 ³lide
1098 1973 1126 2032 in
1161 1970 1255 2033 Deum
1289 1974 1420 2055 cognitio

329 2078 395 2139 alra
420 2073 548 2134 stabilita
571 2072 671 2150 luerit,
696 2075 728 2141 si,
745 2080 829 2154 grata
853 2073 893 2133 illi
917 2079 946 2132 et
969 2079 1089 2153 accepta
1114 2071 1273 2155 diligenter
1295 2078 1420 2156 quaesi-

329 2178 443 2255 plmuS,
481 2178 524 2254 si,
563 2195 642 2257 quae
677 2177 712 2239 ad
747 2176 924 2257 inculpatam
961 2177 1026 2257 ejus
1060 2176 1241 2237 voluntatem
1276 2187 1421 2259 spectant,

329 2278 466 2357 terimus,
490 2287 520 2342 et
542 2283 620 2344 viam
644 2282 778 2344 veritatis
795 2283 911 2360 sequuti
929 2280 1083 2356 fuerimus,
1107 2279 1280 2360 abjicientes
1300 2301 1315 2342 a
1332 2282 1420 2343 nobis

329 2402 411 2451 mem
437 2381 638 2469 ⁴injustitiam,
662 2385 853 2465 iniquitatem,
878 2385 1039 2462 avaritiam,
1061 2385 1280 2460 contentiones,
1297 2385 1422 2444 malitias

329 2486 473 2568 ²lraudes,
497 2490 717 2552 susurrationes
734 2480 1022 2566 et'obtrecunones,
1041 2487 1139 2550 odium
1157 2488 1223 2566 Dei,
1242 2487 1422 2567 superbiam,

329 2601 419 2674 uum,
449 2592 583 2656 ⁵sanam
612 2594 737 2674 gloriam
768 2602 798 2656 et
820 2590 1126 2674 6inhospitalitatem
1157 2594 1207 2672 qui
1240 2594 1317 2653 enim
1348 2590 1422 2652 haec

329 2700 425 2779 aiunt,
457 2701 522 2762 Deo
546 2699 620 2760 odio·
640 2706 726 2777 sunt,
759 2693 884 2780 ⁷neque
908 2699 948 2760 illi
971 2698 1083 2776 solum,
1115 2699 1165 2779 qui
1196 2697 1270 2760 haec
1301 2695 1421 2771 iaciunt,

329 2804 421 2883 det,
446 2805 495 2884 qui
519 2804 562 2865 eis
587 2805 784 2866 consentiunt.
829 2803 905 2878 Dicit
932 2804 1010 2864 enim
1034 2803 1201 2884 Scriptura:
1232 2797 1247 2837 ⁸
1259 2799 1421 2879 peccatori

329 2916 396 2996 deur
420 2910 505 2970 discit
518 2909 623 2970 Deus:
646 2927 741 2988 quare
759 2917 790 2969 tu
806 2927 940 2968 enarras
955 2909 1216 2986 justitiusmeus,
1240 2914 1270 2967 et
1285 2905 1421 2966 assumis

329 3023 507 3079 ttamenturn
530 3034 627 3075 narum
645 3034 705 3092 per
728 3034 762 3076 os
786 3013 894 3074 mum?
941 3013 985 3072 Tu
1001 3013 1081 3072 enin
1096 3011 1191 3072 odisti
1208 3008 1419 3088 disciplinam,

345 3115 539 3199 lprojectsu·
561 3138 718 3182 sermones
748 3137 832 3181 meos
863 3125 1041 3179 retrorsum.
1086 3117 1121 3177 St
1147 3115 1278 3177 videbas
1306 3113 1419 3191 suren,

329 3225 445 3288 nabas
468 3220 572 3285 ¹⁰cum
593 3245 640 3302 eo,
665 3233 695 3285 et
715 3244 782 3299 cum
802 3224 955 3285 adulteris
971 3221 1147 3300 portionem
1168 3228 1251 3280 tuum
1268 3218 1419 3297 ponebas.

329 3338 449 3393 raum
472 3328 644 3391 abundauit
666 3329 797 3405 rrrolitr'a,
822 3338 851 3389 et
874 3329 982 3408 linpuo
1006 3333 1059 3388 tua
1081 3323 1293 3387 concinnabat
1317 3324 1418 3385 dolos.

329 3435 416 3497 edens
441 3435 593 3495 aduersus
615 3433 748 3510 fratrem
767 3420 850 3494 tuum
870 3431 1061 3513 loquebaris,
1077 3438 1114 3518 et
1131 3430 1198 3508 filio
1214 3427 1324 3488 matris
1348 3434 1419 3485 tuuc

330 3596 364 3672 ‘5)
383 3604 494 3671 Conjicit
507 3603 609 3668 Birrius,
630 3602 655 3653 S.
669 3602 767 3654 Patrem
780 3605 845 3655 scri·
873 3602 1026 3658 ευδοκοῦντες
1039 3607 1088 3655 τοῖς
1100 3597 1250 3666 πράσσουσιν.
1277 3595 1347 3646 Hauc
1363 3611 1420 3646 esse

329 3695 379 3746 isse
402 3689 566 3751 καινοδοξίαν,
592 3699 617 3741 et
634 3708 763 3743 nouarum
782 3695 843 3755 opi·
873 3707 959 3741 veram
973 3705 1003 3739 ac
1016 3688 1150 3757 genuinam
1164 3685 1309 3746 lectionem,
1323 3684 1419 3749 optimo

329 3788 409 3835 anum
444 3782 562 3832 studium
597 3785 686 3827 notare
725 3776 844 3828 voluisse.
869 3778 928 3842 jure
948 3776 1078 3826 conante
1095 3772 1193 3822 Millius.
1224 3774 1314 3820 Wonr.

329 3885 377 3919 inu.
910 3863 939 3924 8)
958 3861 997 3912 Pa.
1017 3860 1059 3924 te,
1083 3857 1192 3909 16-23.

334 3954 365 4019 a)
381 3954 521 4005 ltawonr.
554 3950 599 4001 tls.
613 3949 752 4017 φιλοξενίαν,
772 3949 845 3999 male.
908 3950 935 4013 9)
956 3949 1000 3998 llls.
1020 3944 1149 4006 ἓξᾰβαλλες.
1181 3943 1324 4004 Wottonua,
1344 3937 1420 3989 Nolte

329 4041 447 4097 uertatur
465 4044 523 4090 Juu.
543 4046 569 4088 et
586 4042 665 4088 l'nnn.
700 4032 847 4093 <artologam
874 4036 975 4087 etalii:
995 4033 1119 4094 ἓξίβαλλες.

329 4146 372 4180 aa.
410 4127 668 4175 datouartnrcorm..
689 4122 782 4175 etalii.
893 4122 937 4187 10)
963 4121 1105 4172 Pronomen
1130 4118 1180 4169 hoc
1208 4122 1288 4167 exstat
1315 4114 1339 4163 in
1365 4108 1419 4168 tus,

335 4215 362 4280 t)
388 4213 427 4264 Ex
450 4213 499 4263 hoc
524 4211 581 4261 loco
608 4219 724 4262 constare
751 4217 846 4276 potest,
874 4211 909 4260 uti
935 4208 1026 4258 llillius
1048 4207 1102 4272 jam
1126 4204 1220 4256 dudum
1244 4207 1349 4252 testatus
1373 4200 1419 4244 est.

329 4301 457 4353 lementem
483 4299 575 4366 legisse
600 4298 672 4348 Rom.
694 4298 722 4361 l,
743 4296 790 4345 32:
819 4292 847 4344 οὐ
874 4300 1017 4346 Jaconson.

329 4386 377 4437 ὄνον
396 4385 423 4436 δὲ
442 4386 464 4435 οἱ
482 4388 605 4440 ποιοῦντες
622 4379 680 4431 itti
698 4385 737 4431 καὶ
752 4380 776 4431 οἱ
788 4399 846 4432 our-
1349 4390 1366 4419 ο

1369 4702 1376 4708 ἢ
1429 4536 1556 4650 Ι
