3659 5209
646 503 829 618 nnnrmnnn¹
844 545 1010 604 ansrom.
1038 546 1100 605 nn
1119 550 1184 635 xre.
1282 606 1284 611 ,
1434 558 1477 624 3⁷

351 717 384 772 et
406 709 572 771 testamenti
596 707 764 772 haeredem.
810 709 840 774 Si
864 727 940 792 ergo
963 709 1060 773 adhuc
1079 718 1108 774 et
1127 730 1182 794 per
1197 714 1394 779 Abrahamum
1416 736 1476 801 po-
1523 674 1528 683 Ι

352 815 440 897 putus
457 814 506 876 ille
523 821 771 876 commemoratus
789 821 844 891 est,
868 820 938 876 tunc
953 817 1076 878 scientia
1094 825 1193 880 nostra
1210 818 1245 880 ad
1262 819 1475 900 perfectionem

352 925 399 980 est
428 917 558 980 redacta.
604 917 680 991 Ouid
716 919 806 1000 igitur
836 917 905 980 dicit
933 918 1016 982 Deus
1046 923 1241 986 Abrahamo?
1291 922 1476 999 ¹Ononiom

352 1009 533 1099 credidisti,
558 1022 613 1086 tibi
633 1024 836 1104 injustitiam
856 1023 923 1102 suit
944 1025 1155 1100 adtributum
1177 1048 1247 1090 ecco
1257 1030 1355 1108 posci
1372 1040 1400 1092 te
1413 1050 1474 1110 pc-

352 1138 428 1190 trem
450 1130 603 1208 pontium,
628 1148 708 1208 poue
733 1129 764 1190 in
785 1129 954 1209 praeputio
978 1130 1109 1193 credam
1128 1133 1272 1196 Domino.

351 1319 427 1382 XIV.
466 1319 707 1393 Testamentum,
728 1321 812 1401 qood
830 1320 934 1383 Moses
950 1325 1071 1400 accepit
1089 1333 1119 1385 ot
1137 1325 1302 1401 contrivit,
1322 1326 1478 1390 Dominus

814 1425 904 1487 nobis
923 1425 1015 1488 dedit.

446 1545 504 1609 Sed
529 1564 602 1607 sane
626 1542 851 1628 ²quaeramus,
882 1567 918 1610 an
942 1547 1057 1613 dederit
1081 1551 1224 1614 Dominus
1256 1558 1475 1634 testamentum,

351 1651 432 1733 quod
451 1652 583 1732 patribus
604 1652 713 1734 juravit
734 1671 768 1715 se
783 1653 898 1735 populo
919 1653 1062 1717 daturum.
1103 1656 1188 1720 Dedit
1209 1656 1345 1740 quidom;
1371 1677 1476 1721 verum

352 1760 393 1822 illi
418 1765 540 1840 propter
563 1764 685 1838 peccatu
711 1775 763 1821 sna
789 1758 900 1842 indigui
932 1759 1066 1838 inerant,
1099 1764 1147 1843 qui
1171 1765 1352 1846 acciperent.
1398 1763 1477 1825 Dicit

352 1865 431 1932 enim
452 1862 611 1944 propheta:
636 1860 650 1900 ³
665 1871 695 1923 et
708 1863 811 1926 Moses
830 1865 862 1924 in
877 1873 979 1926 monte
995 1865 1072 1926 Sino
1082 1867 1243 1943 jejuno-vit
1261 1869 1476 1948 quadrupr'nto

352 1969 462 2031 dicbus
477 1976 507 2030 et
522 1969 734 2047 quodrapr'ntu
755 1969 910 2042 noctibus,
935 1978 968 2026 ut
989 1976 1200 2031 testamentum
1215 1971 1342 2034 Domini
1358 1973 1401 2032 ud
1412 1991 1474 2050 po·

349 2075 460 2152 polum
482 2073 648 2149 occiperet.
694 2066 758 2130 ⁴Et
781 2072 896 2150 accepit
924 2089 939 2130 a
965 2070 1091 2134 Domino
1115 2073 1186 2136 duas
1210 2076 1321 2137 tabutas
1349 2079 1474 2157 scriptas

354 2179 448 2258 digito
472 2193 575 2237 manus
594 2174 726 2251 Domini,
749 2175 777 2234 in
803 2175 905 2256 spiritu
912 2196 922 2250 3
950 2181 1121 2256 sumtasque
1143 2177 1241 2238 itoses
1264 2178 1416 2241 deserebat
1438 2181 1474 2242 ad

353 2281 513 2364 populum,
544 2286 574 2341 ut
603 2278 738 2340 traderet.
787 2277 821 2339 Et
851 2278 924 2341 dixit
946 2280 1091 2342 Dominus
1121 2280 1157 2342 ad
1181 2280 1300 2343 Mosen:
1335 2279 1475 2361 ⁵dioses,

353 2387 475 2463 Moses,
499 2385 649 2449 descende
668 2384 828 2458 celeriter3
852 2387 957 2466 inipuo
976 2385 1057 2446 enim
1074 2384 1222 2465 capessit
1238 2386 1375 2463 populus
1394 2394 1475 2463 tuns,

354 2511 444 2573 qoem
459 2491 496 2552 de
514 2499 599 2552 terro
616 2490 747 2572 Aeppptr'
767 2491 917 2553 endurci-stt.
955 2491 1163 2571 intellexitque
1180 2490 1290 2568 Moses,
1314 2488 1393 2570 quod
1417 2491 1477 2550 ite-

353 2615 419 2659 rum
443 2595 577 2658 fecerant
599 2597 761 2678 imagines,
786 2602 816 2656 et
837 2596 964 2677 projecit
987 2594 1025 2657 dc
1048 2596 1181 2657 manibus
1205 2594 1335 2672 tabulas,
1360 2594 1477 2657 contri-

354 2708 462 2782 taeque
484 2707 552 2762 sunt
576 2700 692 2762 tabulae
721 2701 887 2769 testamenti
915 2700 1063 2762 dominici.
1110 2700 1235 2780 Accepit
1258 2699 1356 2780 itaque
1375 2698 1476 2760 Moses

353 2812 559 2869 testamentum
566 2827 575 2881 3
600 2806 655 2886 ipsi
675 2824 748 2868 vero
770 2805 849 2888 dig-ni
869 2823 928 2867 non
951 2804 1078 2866 suerunt.
1118 2803 1277 2878 Quomodo
1298 2820 1354 2865 nos
1376 2803 1403 2863 id
1421 2820 1476 2863 ac-

352 2913 531 2992 ceperimus,
556 2909 667 2972 discitc.
707 2910 823 2988 Moses,
847 2929 936 2991 quum
959 2919 1040 2971 esset
1063 2906 1230 2988 ⁶tumntus,
1255 2909 1325 2970 iliud
1343 2908 1474 2988 accepit;

353 3018 440 3080 uobis
458 3023 554 3079 autem
575 3017 639 3098 ipsc
657 3017 798 3078 Dominus
817 3016 928 3092 tribuit,
954 3009 1045 3076 ⁷esse
1063 3015 1091 3075 in
1112 3015 1252 3095 poputum
1276 3012 1474 3088 haereditatis,

353 3140 408 3203 pro
432 3121 518 3183 notris
542 3139 657 3202 passus.
701 3122 846 3202 Apparuit
868 3139 960 3198 vero,
983 3127 1014 3182 ut
1036 3127 1096 3181 tnm
1119 3120 1159 3182 itti
1182 3115 1322 3203 [Judaci]
1345 3113 1474 3200 inpec-

351 3228 425 3290 catis
448 3232 739 3304 consummarentur,
763 3234 822 3288 tnm
846 3244 900 3287 nos
925 3220 1005 3305 8per
1029 3227 1123 3306 ipsum
1146 3224 1293 3286 haeredes
1317 3224 1383 3286 iacti
1407 3225 1474 3287 Do-

351 3334 422 3396 mini
434 3330 507 3395 Jesu
521 3338 724 3394 testamentum
737 3331 952 3412 acciperemus,
968 3324 1041 3410 ⁹qui
1058 3330 1221 3391 destinatus
1234 3335 1307 3406 erut,
1323 3335 1353 3391 ut
1373 3325 1398 3365 ¹⁰
1410 3329 1474 3410 ipse

350 3441 380 3500 in
404 3439 492 3500 terris
508 3455 673 3519 apparens,
701 3434 721 3474 ¹¹
736 3435 910 3517 praecordia
932 3443 1034 3496 nostra
1053 3435 1112 3516 jam
1136 3453 1152 3495 a
1173 3441 1269 3496 morte
1293 3439 1422 3494 assumta
1445 3439 1475 3494 et

303 3568 306 3575 ·
351 3542 457 3606 tradita
487 3543 599 3604 erroris
628 3541 772 3622 iniquitati
801 3541 953 3603 redimens
980 3559 998 3602 e
1023 3540 1170 3618 tenebris,
1203 3540 1297 3604 verbo
1329 3555 1384 3599 suo
1408 3535 1474 3597 dis-

351 3655 444 3730 ponat
463 3647 595 3710 innubis
615 3653 829 3709 testamentum.
868 3645 1013 3727 Scriptum
1032 3645 1141 3726 qnippe
1165 3651 1225 3720 cst,
1249 3639 1399 3723 quomodo
1415 3640 1474 3701 Pn-

349 3761 414 3832 ter,
437 3752 643 3833 redempturus
663 3768 718 3813 nos
737 3769 753 3811 a
774 3751 921 3829 tenebris,
946 3749 985 3811 ilii
1006 3749 1202 3824 mandaverit,
1226 3753 1256 3809 ut
1278 3746 1333 3807 sibi
1354 3750 1476 3826 pararet

326 3858 493 3942 ,poputum
516 3865 658 3919 sanctum.
697 3856 772 3918 Dicit
797 3856 887 3938 igitur
910 3855 1069 3938 propheta:
1098 3851 1188 3932 ”epo
1203 3851 1366 3926 Dominus,
1388 3850 1475 3939 Deos

385 3978 415 4043 9)
435 3977 499 4028 Heic
517 3977 541 4029 in
559 3975 602 4027 dis.
623 3984 649 4026 ct
667 3972 821 4027 editionibus
834 3974 915 4069 maie}
946 3975 990 4038 10)
1010 3970 1062 4025 etr.
1083 3969 1197 4036 statuar,
1220 3969 1385 4033 Athanasius,
1409 3967 1437 4017 Τ.
1456 3963 1475 4015 Ι.

347 4068 502 4131 transposita
520 4063 647 4130 leguntur,
669 4079 735 4132 quae
753 4061 816 4116 inira
829 4063 900 4112 uncis
912 4072 914 4077 ’
927 4079 951 4130 p.
974 4061 1012 4113 10.

347 4153 387 4221 []
407 4150 496 4201 incius.
516 4158 542 4200 et
555 4166 569 4200 a
582 4151 666 4214 nobis,
686 4149 751 4199 doce
765 4149 846 4199 veteri
858 4149 900 4198 in·
948 4149 991 4212 ii}
1011 4148 1054 4200 trs.
1067 4149 1155 4208 κακίας,
1174 4145 1248 4197 maie.
1275 4149 1340 4196 Vsr.
1353 4146 1474 4192 Inreaan.

346 4247 474 4307 terprete,
494 4237 552 4290 loco
565 4251 611 4288 suo
625 4238 739 4287 restituta
753 4243 818 4309 sumt.
848 4233 899 4286 cfr.
926 4241 1090 4305 praecordio.

346 4325 463 4379 tibelinm
488 4341 585 4376 mcum:
611 4326 668 4376 Dar
692 4325 901 4376 Sertuactrettm
949 4324 993 4391 12)
1012 4323 1068 4374 isai.
1089 4323 1131 4386 42,
1150 4321 1173 4372 6.
1194 4320 1218 4369 7.
1255 4317 1324 4367 Haec
1349 4327 1395 4381 per
1413 4321 1477 4375 pro·

346 4419 396 4470 dea
417 4420 462 4482 Ap.
482 4415 631 4477 Barnabas,
651 4426 676 4477 p.
697 4408 754 4459 106.
928 4409 1028 4477 phetam
1042 4409 1111 4460 Deus
1124 4407 1198 4459 Pater
1212 4403 1243 4454 ad
1256 4401 1346 4454 Filium
1357 4395 1476 4466 loquitur.
