3659 5209
534 531 658 590 lanarii
677 530 833 595 balsama
851 533 897 586 ho
916 530 1213 591 romanaerium.
1232 536 1295 594 vm.
1415 539 1479 609 243

346 710 469 775 cogere
499 693 564 757 Deo
599 692 853 772 decentissimum,
889 701 919 756 et
951 695 1066 777 eligere
1096 697 1241 778 aliquem,
1276 689 1371 780 quem⁸
1394 694 1480 766 valde
1518 700 1520 705 ’

346 796 475 860 charum
498 798 631 861 habeatis
661 806 692 860 et
719 799 893 880 impigrum,
925 801 974 879 qui
1004 804 1115 881 poterit
1145 803 1260 865 divinus
1289 822 1394 869 cursor
1422 826 1480 888 ap-

345 901 473 983 pellari3
509 902 647 983 illumque
677 922 715 966 eo
746 905 871 985 dignare
900 903 1035 983 honore,
1068 913 1099 968 nt
1130 908 1158 968 in
1182 907 1296 988 Syriam
1326 908 1479 990 proiectus

345 1004 508 1086 impigram
532 1006 704 1068 charitatem
727 1013 857 1069 vestram
880 1006 917 1069 ad
942 1009 996 1069 Dei
1018 1009 1144 1089 gloriam
1173 1011 1313 1072 celebret.
1365 1011 1478 1075 'Chri-

346 1111 467 1173 stianus
498 1111 543 1172 sui
574 1117 748 1192 potestatem
780 1111 977 1189 nonhabet,
1007 1114 1061 1174 sed
1086 1114 1151 1177 Deo
1173 1113 1296 1177 ²vacat.
1342 1115 1405 1177 Hoc
1434 1122 1479 1178 est

348 1229 429 1294 opus
446 1213 500 1274 Dei
526 1219 556 1274 et
578 1220 717 1292 vestrum,
740 1214 911 1296 quandoid
936 1215 989 1281 ³in
1013 1217 1091 1280 illius
1114 1218 1258 1281 honorem
1281 1219 1477 1302 perfeceritis.

347 1317 477 1381 Gonhdo
509 1319 587 1379 enim
617 1315 775 1400 ⁴gratiae,
806 1338 861 1382 vos
885 1327 1004 1401 paratos
1028 1339 1097 1382 esse
1119 1322 1156 1384 ad
1180 1342 1255 1404 opus
1278 1323 1336 1386 boc
1358 1325 1478 1404 bonum,

346 1421 390 1483 ad
424 1421 516 1483 Deum
547 1423 708 1502 pertinens.
754 1423 851 1496 Quum
883 1425 983 1505 itaque
1014 1427 1122 1488 scirem
1151 1427 1314 1490 vehemens
1346 1435 1477 1493 vestrum

347 1543 427 1608 arga
451 1525 604 1587 veritatem
627 1525 764 1606 studium,
787 1527 873 1590 brevi
895 1528 1019 1610 epistola
1042 1547 1098 1593 vos
1121 1530 1292 1596 adhortatus
1314 1552 1389 1597 sum.

388 1714 461 1778 Vlll.
505 1681 548 1778 Et
569 1716 653 1779 aliae
674 1717 826 1780 ecelesiae
849 1719 968 1800 lepulos
994 1723 1045 1783 aet
1066 1723 1218 1802 epistolas
1241 1724 1440 1788 Antiochiam

714 1823 846 1886 mittunt.
891 1825 1116 1890 Salutationes.

441 1939 564 2016 ⁵Quum
594 1938 759 2008 ⁶omnibus
791 1946 926 2008 ecclesiis
957 1949 1090 2010 scribere
1117 1968 1178 2011 non
1200 1953 1362 2031 potuerim,
1394 1952 1475 2032 quod

346 2052 477 2128 repente
501 2066 518 2110 a
540 2048 659 2111 Troade
674 2049 837 2131 Neapolim,
863 2043 875 2084 ⁷
881 2051 970 2132 jussu
991 2052 1030 2112 ita
1053 2053 1230 2132 postulante,
1255 2057 1475 2137 navigaverim3

345 2158 400 2230 lu,
433 2152 484 2232 qui
514 2153 682 2215 sententiae
712 2153 767 2214 Dei
796 2153 837 2215 sis
867 2171 1007 2235 compos,
1036 2158 1150 2220 scribes
1182 2151 1316 2219 ⁸vicinis
1348 2155 1476 2240 (versus

347 2253 526 2340 Orientem)
550 2258 696 2339 ecclesiis,
720 2262 802 2318 utet
826 2258 882 2338 ipsi
902 2258 979 2321 idem
1002 2258 1119 2338 iaciant,
1142 2260 1191 2340 qui
1211 2262 1336 2340 possint,
1359 2262 1474 2342 pedites

347 2363 483 2439 mittant,
514 2361 562 2424 alii
595 2379 670 2424 vcro
704 2349 844 2442 epistolas
874 2381 929 2443 per
955 2381 1028 2443 eos,
1060 2365 1109 2445 qui
1136 2383 1153 2426 a
1185 2371 1214 2426 te
1243 2364 1410 2440 mittentur3
1443 2372 1476 2427 ut

348 2461 560 2549 ⁹glorificeris
584 2475 708 2530 aeterno
733 2485 841 2549 opere,
873 2467 1119 2547 quemadmodum
1147 2468 1254 2551 dignus
1286 2485 1328 2530 es.
1374 2469 1474 2531 Saluto

348 2588 457 2635 omnes
485 2571 673 2650 nominatim,
704 2578 735 2633 et
757 2570 889 2652 Epitropi
920 2589 1046 2634 uxorem
1077 2590 1143 2634 cum
1173 2577 1233 2635 tota
1256 2570 1345 2634 domo
1368 2589 1423 2634 sua
1446 2577 1476 2633 et
1510 2634 1512 2643 ,

346 2676 464 2739 liberis.
510 2675 611 2740 Saluto
635 2675 762 2739 Attalum
792 2676 862 2738 mihi
892 2675 1022 2738 charum.
1069 2675 1169 2739 Saluto
1201 2693 1284 2754 eum,
1319 2675 1369 2754 qui
1398 2691 1474 2755 pro·

347 2779 485 2843 lectione
507 2780 537 2843 in
557 2780 672 2862 Syriam
696 2779 804 2863 dignus
827 2779 990 2842 habebitur.
1036 2774 1188 2842 Gratia'in
1211 2785 1386 2861 perpetuum
1408 2796 1475 2840 curn

345 2883 403 2947 illo
435 2885 491 2946 erit
519 2890 549 2945 et
579 2901 645 2947 cum
673 2884 805 2945 mittente
834 2884 914 2946 illum
937 2883 1113 2967 Polycarpo.
1158 2883 1235 2965 Opto
1268 2902 1324 2947 vos
1352 2901 1475 2964 semper

346 2988 455 3053 valere
477 2988 507 3051 in
531 2988 596 3053 Deo
621 2993 724 3052 nostro
746 2987 821 3050 Jesu
844 2986 981 3069 Christo,
1010 3007 1065 3071 per
1095 2977 1183 3069 quem
1211 2989 1242 3049 in
1274 2989 1385 3052 unione
1408 3004 1475 3050 cum

346 3231 449 3294 limat,
474 3230 553 3284 verba
578 3231 705 3300 genuina,
732 3245 798 3298 quaa
822 3227 900 3294 Syrna
962 3230 991 3298 6)
1008 3228 1176 3298 Interpolator
1192 3228 1263 3281 addit
1280 3223 1331 3278 οόν.

345 3318 458 3386 legerit,
477 3333 525 3370 nac
542 3332 591 3369 non
612 3319 780 3369 narrationem
794 3313 900 3366 Eusebli
963 3316 991 3378 7)
1018 3315 1036 3366 l.
1061 3328 1085 3367 a.
1114 3318 1266 3369 sumtum
1294 3318 1473 3385 imperatoria,

346 3406 496 3473 (lpnata'um
515 3408 585 3458 beato
600 3407 745 3474 Polycarpo
760 3406 901 3455 ecclesiam
927 3417 975 3452 acu
1000 3405 1127 3467 militum,
1158 3404 1203 3470 pua'
1232 3404 1365 3470 lpuata‘una
1388 3405 1474 3474 ducc-

345 3492 525 3545 Antiochenam
544 3493 741 3543 commendasse
756 3488 819 3539 llist.
835 3486 899 3539 eccl.
928 3491 1000 3551 boat,
1039 3504 1084 3540 seu
1119 3490 1244 3541 volutatos
1274 3491 1331 3540 Dei.
1378 3487 1475 3551 Θέλημα

345 3574 395 3640 111,
408 3575 464 3644 36.)
482 3576 585 3629 falsario
597 3577 629 3629 ad
644 3575 801 3627 conficienda
819 3574 900 3641 capita
927 3571 1043 3624 absoluta
1060 3574 1162 3641 ponitur
1172 3570 1222 3640 Ep.
1236 3572 1268 3624 ad
1281 3571 1380 3638 Smyrn.
1394 3589 1417 3624 c.
1432 3570 1474 3623 11.

346 3660 395 3715 vti
412 3671 439 3715 et
458 3662 513 3714 Vlll
530 3677 616 3713 ansam
635 3661 745 3714 dedisaa.
782 3659 810 3711 ld
830 3657 900 3710 nullo
926 3664 1068 3713 Jaooaaon.

345 3748 427 3801 modo
444 3748 582 3801 verisimile
594 3756 641 3801 eat.
669 3745 812 3798 Curatonus
825 3744 898 3796 deni·
961 3744 990 3810 8)
1015 3744 1066 3798 Cir.
1092 3748 1223 3814 Ubtbora,
1253 3744 1270 3797 l.
1289 3760 1312 3797 c.
1336 3760 1361 3811 p.
1380 3743 1422 3796 31.
1449 3742 1475 3792 al

348 3850 400 3903 qna
418 3843 445 3886 at
462 3835 487 3885 in
507 3848 539 3885 eo
559 3835 668 3899 erravit,
691 3833 758 3903 quod
778 3830 898 3898 capitibus
926 3831 1065 3897 duapondo
1081 3830 1199 3896 ἐκκλησίαι
1216 3853 1251 3881 =
1268 3832 1398 3884 ecclcsiae
1409 3844 1475 3898 quaa

348 3919 393 3973 vll
406 3919 501 3972 ctlllll
518 3923 549 3974 da
565 3923 689 3974 eloctione
705 3921 770 3973 aovi
784 3920 900 3987 episcopa*
926 3934 1025 3971 awaus
1053 3921 1185 3972 Oriamam
1214 3921 1291 3972 noble
1319 3931 1369 3970 m
1398 3918 1474 3969 votis

345 4004 566 4069 Antiochenomna
600 4006 680 4060 verba
721 4006 777 4056 lieri
817 4011 898 4071 putet·
926 4006 1031 4058 vicinas
1048 4014 1120 4058 suat.

347 4091 461 4163 Ignatim
480 4095 548 4145 enim
567 4110 616 4147 non
636 4095 668 4145 do
683 4106 751 4144 noro
765 4090 898 4158 episcopo,
961 4089 989 4156 9)
1008 4087 1045 4142 lta
1063 4089 1199 4159 legendnm
1218 4104 1275 4143 cnm
1292 4087 1392 4141 lloltoo.
1428 4081 1474 4136 lla.

345 4180 395 4233 aad
415 4179 448 4231 dc
466 4178 572 4248 legatis,
600 4195 614 4232 a
634 4184 759 4250 plurilus
776 4179 899 4232 acutulae
925 4172 1173 4243 dulcorandum.

345 4265 512 4319 Antiochiam
530 4266 657 4321 mittendis
674 4265 792 4334 loquitur.

1198 4352 1268 4434 16⁹
