3659 5209
567 524 586 576 1.
607 513 788 578 clausuris
806 522 851 576 au
871 520 945 577 con.
965 523 1051 578 xxm.
1068 525 1154 585 xxiv.
1173 492 1247 581 xxv.
1423 531 1465 595 89

346 691 425 763 tate,
457 685 541 747 brevi
565 691 594 746 et
615 685 712 748 subito
735 685 874 748 voluntas
897 685 968 767 ejus'
985 686 1156 766 perficietur
1163 708 1173 763 ;
1204 688 1348 769 scriptura
1379 689 1466 752 etiam

340 783 548 852 'testimonium
570 790 751 871 perhibente,
779 790 883 872 ¹puod
903 791 1009 852 statim
1031 800 1180 855 venturus
1202 794 1254 868 sit,
1278 812 1374 872 neque
1398 802 1465 855 tor-

346 894 444 970 dobtt,
469 903 499 956 et
516 895 620 957 statim
636 894 738 956 ueniet
752 895 906 960 Dominus
923 897 957 956 in
973 898 1229 976 somptuosum,
1253 908 1283 960 et
1305 895 1466 978 ²sooctus,

348 1018 438 1078 quem
459 1019 516 1063 eos
538 1001 737 1078 ecspccron‘s.

346 1191 451 1255 xxiv.
490 1190 638 1253 Futurum
660 1191 920 1254 resurrectionem
934 1190 1020 1254 Deus
1041 1194 1184 1256 continue
1199 1193 1291 1256 nodis
1307 1195 1341 1255 in
1357 1201 1472 1257 notura

841 1297 987 1359 ostendit.
1418 1309 1421 1314 ·

438 1416 679 1497 Consideremus,
702 1418 810 1497 dilecti,
834 1417 1078 1500 quemadmodum
1098 1418 1242 1482 Dominus
1266 1418 1393 1482 futuram
1417 1436 1472 1481 re-

347 1523 568 1586 surrectionem
592 1522 732 1587 continuo
754 1524 840 1586 nohis
862 1523 1009 1601 ostendat,
1033 1524 1118 1604 cujus
1135 1520 1299 1604 ³primitias
1315 1524 1473 1587 Dominum

347 1627 454 1689 Jesum
484 1625 630 1688 Christum
662 1627 748 1706 lecit,
781 1628 929 1690 suscitans
963 1645 1034 1689 eum·
1063 1644 1079 1688 a
1113 1627 1250 1693 mortuis„
1297 1627 1473 1704 intueamur,

349 1729 470 1808 dilecti,
502 1731 770 1810 resurrectionem,
801 1749 879 1811 quae
910 1733 990 1794 omni
1018 1739 1153 1812 tempore
1177 1731 1216 1794 iit.
1262 1731 1333 1793 Dies
1358 1737 1388 1792 et
1410 1749 1473 1792 nor

348 1836 603 1898 resurrectionem
626 1837 712 1899 nohis
726 1836 897 1899 ostendunt
905 1856 913 1911 ;
938 1834 1026 1898 ⁴non
1048 1836 1145 1914 cubat,
1169 1836 1289 1918 exurgit
1309 1834 1391 1910 dies3
1415 1834 1475 1896 abit

350 1939 435 2018 dies,
465 1926 527 2002 nox
555 1941 732 2021 impruden
754 1941 930 2019 insequitur.
974 1939 1141 2002 intueamur
1163 1939 1285 2022 lruges3
1316 1939 1473 2002 seminatio

349 2044 439 2126 grani
469 2043 621 2123 quomodo
653 2041 711 2125 liat,
757 2039 935 2123 ⁵llgressus
965 2047 1010 2102 est
1039 2042 1218 2121 seminator,
1251 2050 1281 2105 et
1310 2060 1412 2105 semen
1443 2043 1473 2103 in

350 2155 465 2210 terram
484 2147 567 2227 jecit,
592 2150 621 2206 et
641 2130 929 2231 jactihzseminibus,
954 2163 1031 2225 quae
1054 2145 1132 2208 nuda
1155 2154 1185 2208 et
1207 2146 1289 2208 arida
1312 2147 1341 2207 in
1366 2153 1473 2207 terram
1562 2186 1571 2193 -

349 2249 538 2328 ceciderunt,
562 2238 773 2331 dissolvunlu'r.
812 2248 927 2311 Deinde
951 2266 991 2310 ex
1014 2249 1208 2312 dissolutione
1232 2267 1336 2329 magna
1359 2251 1475 2313 divinae

350 2352 563 2437 providentiae
591 2353 722 2432 potentia
752 2370 786 2414 ea
809 2354 982 2431 resuscitat,
1013 2371 1049 2415 ac
1073 2373 1113 2415 ex
1135 2371 1194 2416 uno
1217 2352 1301 2432 plura
1326 2352 1414 2429 hunt,
1446 2361 1476 2415 et

351 2457 482 2539 fructum
507 2455 682 2538 producunt.
1297 2464 1300 2473 ·

505 2647 594 2711 XXV.
639 2648 781 2710 Phoenic
802 2649 1045 2712 resurrectionis
1067 2657 1196 2711 nostroe
1218 2646 1328 2727 inrogo.

443 2769 681 2851 Contemplemur
703 2772 820 2853 signum
843 2771 993 2850 mirabile,
1028 2769 1108 2850 quod
1132 2771 1161 2832 in
1184 2769 1316 2850 partibus
1340 2767 1474 2846 orientis,
1553 2757 1555 2778 ²
1604 2764 1606 2772 '

350 2876 466 2938 scilicet
496 2876 526 2937 in
556 2875 667 2937 Arabia
697 2881 726 2936 et
757 2876 886 2955 viciniis,
919 2875 959 2937 fis
1004 2874 1078 2936 Avis
1107 2882 1170 2954 est,
1206 2893 1283 2954 quae
1313 2870 1476 2934 ⁶Phoenix

350 2985 487 3041 vocatur.
525 2978 606 3042 Haec
630 2981 760 3060 unigena
784 2980 916 3041 existens
941 2995 1035 3041 annos
1059 2980 1238 3062 quingentos
1260 2979 1340 3054 vivit,
1365 2994 1475 3057 quum·
1505 2999 1507 3001 ·

351 3102 413 3164 que
440 3086 501 3166 jam
529 3090 626 3146 morte
655 3083 845 3145 dissolvenda
875 3089 938 3162 est,
970 3083 1114 3161 ethure,
1144 3083 1262 3164 myrrha
1293 3090 1322 3144 et
1352 3080 1475 3160 reliquis
1528 3165 1533 3171 ¹

352 3188 535 3250 aromatibus
563 3187 693 3250 loculum
717 3187 772 3249 sihi
795 3188 896 3265 struit,
929 3204 1016 3266 quem
1040 3188 1188 3269 completo
1212 3205 1355 3249 annorum
1379 3175 1475 3266 spatio
1570 3258 1571 3261 Ἴ

351 3290 539 3373 ingreditur,
570 3299 601 3354 ct
623 3293 709 3353 vitam
738 3291 866 3372 deponit.
915 3289 962 3351 Ex
990 3308 1081 3352 carne
1112 3307 1186 3353 vero
1217 3291 1282 3372 ejus
1313 3288 1477 3373 putrefacta

351 3396 465 3458 vermis
493 3394 610 3475 quidam
639 3395 787 3473 nascitur,
821 3396 870 3475 qui
892 3382 1178 3460 animalisdeiuncli
1202 3378 1326 3457 humore
1352 3395 1477 3456 nutritus

352 3500 520 3582 plumescit.
566 3496 669 3560 Auctis
698 3505 802 3580 postea
834 3500 948 3560 viribus
979 3498 1108 3559 loculum
1139 3498 1230 3575 tollit,
1263 3499 1376 3576 inquo
1408 3513 1478 3558 ossa

353 3603 487 3684 parentis
509 3602 663 3664 recondita
685 3609 762 3681 sunt,
786 3621 882 3683 eaque
901 3609 1024 3683 portans
1050 3595 1131 3663 ⁷iter
1151 3621 1190 3662 ex
1206 3601 1332 3664 Arabica
1352 3599 1479 3681 regione

353 3709 384 3769 in
408 3707 596 3788 Aegyptum,
626 3712 655 3768 et
677 3708 798 3785 urbem,
827 3725 903 3788 quae
926 3705 1089 3786 Heliopolis
1114 3702 1236 3783 dicitur,
1264 3704 1386 3786 perlicit.
1432 3704 1478 3768 hc

390 3911 420 3977 5)
440 3906 491 3962 cn.
510 3910 571 3963 Luc.
590 3910 616 3976 8,
636 3911 659 3963 5.
931 3910 991 3963 edit.
1012 3911 1053 3963 lll.
1078 3910 1105 3962 T.
1125 3909 1155 3962 ll.
1179 3928 1205 3977 p.
1226 3909 1276 3961 163
1301 3918 1327 3961 et
1352 3910 1382 3962 li.
1404 3910 1425 3963 J.
1448 3907 1477 3959 12.

389 3998 419 4060 6)
438 3996 507 4057 llaec
524 3997 614 4048 recitat
627 4000 748 4066 Cprittus
761 4001 833 4051 llier.
848 3996 901 4049 Cat.
931 4001 1104 4063 Hearichsen,
1121 3997 1153 4048 de
1166 3997 1299 4050 Phoenicis
1311 3996 1396 4046 fabula
1410 3992 1477 4060 apud
1520 4001 1523 4008 ·

356 4083 400 4147 18,
411 4083 442 4145 8;
456 4083 543 4133 similia
553 4087 661 4136 Pertutt.
675 4082 706 4133 de
720 4099 813 4134 resurr.
827 4086 850 4148 §.
863 4084 902 4135 13.
931 4081 1052 4150 Graecos,
1072 4085 1200 4137 Ronlanos
1219 4092 1244 4134 et
1262 4082 1372 4150 populos
1392 4079 1478 4129 orien-

353 4168 478 4220 Fabulam
492 4167 661 4220 dePhoenice
671 4169 903 4224 releruntl'la'aiue
931 4169 1002 4221 tales.
1028 4168 1258 4223 Particulal.etll.
1282 4161 1478 4218 llavniae1825
1585 4195 1589 4202 -

353 4257 417 4308 illst.
437 4263 488 4306 nat.
506 4253 537 4318 X,
556 4255 572 4304 2
592 4261 618 4304 ot
635 4257 785 4309 Herodotus
803 4255 902 4320 lina.
931 4263 957 4307 et
977 4256 1053 4308 1827.

355 4340 409 4397 cfr.
433 4345 570 4409 Creusae,
598 4338 686 4409 Syme.
704 4349 738 4391 ret
763 4341 906 4414 hlytholog.·
939 4343 994 4410 D)
1013 4342 1058 4395 lis.
1077 4343 1154 4395 habet
1170 4337 1280 4402 διανεύει,
1299 4337 1375 4390 mulo.

1507 4509 1526 4519 ..

1453 4618 1465 4633 Ιι

1405 4644 1414 4651 ·-
1423 4636 1464 4667 sa·
