3659 5209
606 541 625 594 t.
646 537 891 595 annuntiato
911 538 985 594 con.
1003 538 1149 595 mim.
1167 539 1219 593 XV.
1430 542 1474 611 73

344 720 447 784 quos,
471 702 648 782 aequitatem
671 710 702 765 et
723 703 976 786 longanimitatem
996 702 1130 783 docens,
1160 704 1301 786 loquutus
1323 712 1379 769 est.
1424 705 1474 772 Sic

329 803 430 869 'enim
456 805 543 868 dixit:
570 804 793 884 ¹miseremini,
816 815 851 870 ut
870 808 1123 871 misericordiam
1146 811 1399 889 consequamini,·
1421 812 1473 873 di-

344 912 473 987 mittite,
497 919 531 972 ut
546 911 635 974 oobis
651 912 843 986 dimittatur,·
863 920 961 991 prout
981 911 1102 989 facitis,
1126 914 1172 975 ito
1193 913 1281 976 cobis
1300 914 1372 993 βας
1390 914 1475 976 sieut

346 1017 458 1095 datis,
482 1016 526 1076 ita
548 1016 642 1104 cobis¹
658 1016 868 1091 retribuetur.,·
890 1017 1150 1096 sicunjudicatis,
1174 1018 1221 1079 ita
1229 1016 1474 1096 judicabimini3

346 1121 436 1183 sicut
458 1120 584 1199 beuipui
601 1122 686 1197 estis,
710 1122 756 1182 ita
772 1120 991 1200 benipnitatem
1005 1121 1210 1198 experiemini
1216 1141 1228 1194 ;
1252 1140 1315 1201 qua
1329 1139 1476 1183 mensura

346 1225 518 1299 metimini,
552 1224 657 1285 eodem
685 1223 776 1301 cobis
804 1224 1045 1287 mensurabitur.
1091 1224 1154 1287 Hoo
1185 1233 1347 1306 praecepto
1364 1232 1411 1287 -et
1430 1225 1476 1288 his

347 1330 497 1393 mundatis
519 1329 701 1392 stabiliamus
731 1347 788 1392 nos
818 1331 920 1410 ipsos,
943 1326 967 1369 ·²
984 1337 1016 1392 ut
1044 1329 1073 1391 in
1107 1329 1276 1393 obedientia
1305 1335 1476 1393 sanctorum

347 1435 540 1516 eloquiorum
564 1434 640 1515 ejus,
664 1451 729 1496 cum
746 1435 825 1499 ornni
841 1425 1012 1512 humilitate,
1035 1450 1156 1514 semper
1170 1435 1363 1497 ambulemus.
1400 1434 1478 1499 Dicit

349 1543 432 1604 enim
454 1540 577 1602 ve'rb'um
600 1544 750 1601 sanctum:
775 1535 895 1618 ³super
919 1558 1006 1620 quem
1021 1538 1199 1618 respiciam,
1223 1539 1288 1601 nisi
1303 1557 1399 1617 super
1414 1539 1476 1599 bu-

349 1645 455 1707 miiem
477 1651 507 1706 et
528 1644 664 1723 quietum
685 1647 914 1707 tif-tremeaiem
936 1661 1096 1706 sermones
1117 1643 1224 1705 meos?

350 1809 429 1898 xlv.
467 1833 568 1914 Mupis
589 1834 658 1898 Deo
682 1835 889 1899 obediendum
911 1842 968 1912 est,
993 1853 1085 1914 quom
1100 1834 1283 1898 auctoribus
1298 1834 1475 1897 seditionis.
1591 1872 1602 1892 .

441 1954 556 2018 Justum
572 1957 663 2038 igitur
679 1961 709 2017 et
723 1957 803 2038 pium
819 1963 875 2035 est,
892 1957 947 2018 viri
963 1955 1082 2033 iratres,
1104 1956 1169 2019 Deo
1186 1958 1284 2037 potius
1300 1956 1476 2019 obedientes

351 2078 411 2124 nos
435 2078 518 2137 esse,
543 2079 630 2141 quarn
654 2061 684 2122 in
707 2062 847 2142 superbia
871 2068 901 2123 et
923 2057 1101 2123 turnutentia
1125 2058 1476 2124 detestandae'aernuta·

351 2165 445 2226 tionis
476 2159 567 2225 duces
601 2171 631 2226 et
660 2173 782 2227 autores
813 2165 908 2246 sequi.
953 2164 1167 2226 Detrimentum
1199 2165 1276 2225 eninr
1305 2183 1366 2227 non
1398 2166 1476 2243 teve,

349 2269 444 2331 immo
468 2284 541 2330 vero
564 2268 679 2349 grande
702 2269 865 2350 periculum
887 2268 1108 2345 sustinebimus,
1131 2268 1157 2328 si
1173 2267 1402 2348 praecipitanter
1418 2287 1477 2331 vo-

350 2371 515 2436 luntatibus
538 2371 688 2436 hominurn
710 2390 766 2435 nos
790 2373 1019 2451 tradiderimus,
1052 2371 1102 2452 qui
1134 2370 1170 2433 ad
1199 2372 1418 2433 contentionem
1449 2377 1479 2433 et

352 2475 520 2540 seditiones
543 2471 734 2555 ⁴collineuut,
757 2476 859 2540 ut'nos
884 2479 920 2540 ab
945 2495 994 2557 eo,
1017 2475 1097 2558 quod
1120 2481 1233 2538 rectum
1251 2480 1280 2536 et
1296 2475 1404 2537 bonum
1416 2480 1477 2554 est,

351 2580 530 2645 abalienent.
569 2581 694 2664 Benigni
709 2599 782 2663 erga
806 2578 912 2663 ⁵ipsos
928 2583 1030 2660 simus,
1054 2580 1218 2643 secundum
1241 2577 1476 2641 misericordiam

344 2693 383 2754 ,et
416 2685 604 2747 dulcedinem
636 2687 781 2749 creatoris
803 2687 906 2749 nostri.
953 2687 1099 2767 Scriptum
1122 2689 1170 2746 est
1193 2685 1289 2746 enim:
1321 2679 1476 2762 ⁶benipni

350 2791 477 2852 incolae
501 2799 592 2852 erunt
613 2799 734 2867 terrae,
766 2792 948 2854 innocentes
977 2793 1191 2871 relinquentur
1221 2788 1255 2848 in
1286 2807 1345 2861 ea,·
1376 2786 1477 2866 iniqui
1565 2856 1567 2863 Ι

349 2915 428 2958 cero
452 2895 738 2957 eaterminobuutur
759 2895 798 2959 ob
823 2897 888 2961 itta.
933 2895 971 2958 Et
993 2911 1098 2957 rursus
1121 2893 1209 2956 dicit:
1235 2887 1327 2955 ⁷oidi
1350 2893 1478 2970 impium

349 3000 620 3077 superexaltatum
643 3008 672 3061 et
694 3000 845 3063 elebatum
866 3000 951 3062 siout
971 2999 1085 3062 cedros
1107 2997 1223 3059 Libani
1234 3017 1245 3070 ,·
1278 3006 1308 3058 et
1330 2996 1476 3073 transivi,

349 3113 383 3166 et
404 3123 493 3181 ecce,
526 3123 590 3166 non
619 3112 707 3179 erat,-
736 3113 767 3168 et
787 3106 929 3188 quaesivi
952 3105 1054 3166 iocum
1084 3102 1197 3179 iliius,¹
1223 3111 1254 3163 et
1275 3120 1340 3164 uon
1361 3100 1476 3163 inueni.

352 3207 489 3270 Custodi
510 3209 731 3286 innocentiam,
756 3217 787 3271 et
808 3210 880 3271 aide
904 3208 1110 3289 aequitatem,
1135 3207 1284 3288 quoniam
1300 3213 1375 3268 sunt
1396 3201 1476 3268 ⁸re·

350 3313 470 3393 tiquiae
492 3313 608 3379 bomini
628 3315 771 3392 pacifico.

349 3504 414 3566 XV.
447 3462 687 3567 Adbaerendum
703 3503 817 3582 estiis,
844 3505 897 3585 qui
909 3514 1022 3583 pacem
1037 3505 1153 3584 eadunt,
1178 3521 1243 3565 nou
1265 3502 1316 3578 iis,
1341 3492 1394 3581 qui
1410 3519 1477 3561 eom

777 3610 878 3700 colere
900 3609 1055 3673 simulant.

439 3730 663 3793 Adhaereamus
679 3731 779 3811 itaquo
802 3731 848 3810 iis,
872 3723 1011 3813 qui'oum
1034 3731 1144 3813 pietate
1159 3747 1263 3811 pacem
1280 3727 1390 3807 cotunt,
1415 3745 1476 3790 non
1515 3733 1517 3736 ’

350 3936 457 3999 ἑαυτοῖς,
483 3937 552 4005 quod
568 3938 717 4005 saepissimo
734 3953 780 4005 pro
799 3933 902 4001 ἀλλήλοις
962 3938 992 4005 7)
1011 3936 1050 3988 Ps.
1069 3936 1119 4002 36,
1136 3924 1251 3987 3'5-37.
1287 3933 1358 3985 Haec
1385 3940 1411 3983 et
1431 3947 1476 3983 se·

350 4033 494 4092 usurpatur.
523 4029 665 4076 dueorsoa.
703 4023 753 4075 Sed
778 4039 828 4075 nou
851 4033 901 4089 cst,
929 4026 1031 4093 quentia
1050 4038 1131 4092 usque
1149 4021 1181 4072 ad
1201 4021 1297 4071 initium
1316 4018 1477 4070 e.XV1.re-

351 4128 398 4165 cur
416 4120 548 4188 mutemus.
840 4102 847 4113 ¹
929 4113 991 4178 petit
1004 4115 1085 4165 Clam.
1098 4112 1174 4163 Alea.
1188 4107 1280 4157 Strom.
1290 4105 1333 4169 IV,
1345 4104 1368 4155 5.
1382 4120 1407 4169 p.
1417 4103 1477 4153 577.

387 4198 417 4263 6)
435 4197 511 4249 Pron.
533 4198 559 4262 2,
578 4195 619 4247 21.
639 4195 681 4247 22.
963 4199 992 4261 8)
1011 4196 1063 4249 Seu
1082 4218 1117 4244 =
1136 4197 1278 4260 monario,
1302 4207 1348 4242 seu
1368 4210 1403 4235 =
1421 4206 1476 4259 po·

911 4286 1004 4337 ueteri.
