3659 5209
397 544 463 610 438
613 538 749 593 HERMAE
768 535 903 592 PASTOR.
938 537 1033 591 LIBER
1052 537 1093 592 lli.
1129 537 1259 592 slutttr.
1279 539 1310 591 X.

399 705 578 787 quicumque
600 708 683 763 recte
707 699 807 762 iacere
830 705 972 779 possunt3
995 699 1073 761 bona
1096 715 1188 780 opera
1205 717 1372 780 exercere,
1396 702 1470 789 utile
1483 712 1519 765 est

396 811 465 874 illis.
502 809 576 870 Dico
600 812 706 883 autem,
735 803 872 866 ¹omnem
895 802 1046 864 hominem
1069 802 1107 866 de
1122 804 1326 867 incommodis
1344 805 1420 886 eripi
1436 824 1519 889 opor-

398 921 472 979 tere.
509 914 536 975 ls
560 913 646 989 onim,
670 910 721 991 qui
743 914 823 992 eget,
848 913 877 969 et
894 908 924 969 in
940 907 1109 987 quotidiana
1126 909 1185 971 vita
1201 911 1316 990 patitur
1333 911 1519 991 incommoda,

307 1042 317 1048 ·
396 1020 427 1081 in
449 1036 557 1100 magno
578 1022 727 1080 tormento
752 1020 797 1075 est
812 1031 847 1075 ac
863 1013 1051 1074 necessitate.
1090 1012 1231 1092 Quisquis
1249 1015 1347 1098 igitur
1361 1016 1519 1099 hujusmodi

397 1122 522 1186 animam
552 1120 639 1201 eripit
668 1119 705 1181 de
735 1118 932 1197 necessitate,
962 1135 1099 1200 magnum
1129 1117 1273 1199 gaudium
1305 1121 1366 1182 sibi
1397 1123 1517 1202 acquirit

396 1227 469 1290 Nam
493 1227 527 1305 is,
551 1226 600 1306 qui
623 1222 790 1306 hujusmodi
813 1229 942 1285 vexatur
964 1221 1162 1302 incommodo,
1185 1224 1252 1303 pari
1276 1229 1435 1289 tormento
1458 1245 1520 1289 cru·

397 1332 508 1411 ciatur,
539 1337 629 1410 alque
658 1347 693 1391 se
721 1333 842 1407 torquet
870 1328 911 1407 is,
943 1329 993 1409 qui
1022 1329 1052 1390 in
1080 1329 1207 1391 vinculis
1239 1335 1295 1391 est.
1346 1331 1432 1394 Mulli
1454 1334 1520 1394 enim

396 1443 520 1518 propter
541 1435 591 1516 hu
593 1433 709 1496 usmodr
733 1433 922 1511 calamitates,
945 1451 1036 1512 quum
1060 1451 1111 1495 eas
1135 1433 1288 1496 sustinere
1314 1454 1377 1498 non
1397 1434 1579 1597 possunt'

397 1548 522 1603 mortem
545 1541 601 1603 sibi
624 1538 820 1601 consciscunt.
859 1536 915 1610 Qui
938 1539 1021 1600 novit
1039 1539 1129 1620 igitur
1144 1538 1346 1602 calamitatem
1362 1434 1579 1697 hujusmodi!

396 1644 543 1723 hominis,
566 1649 596 1706 et
618 1661 678 1704 non
703 1642 789 1722 eripit
813 1660 896 1721 eum,
928 1656 1067 1725 magnum
1089 1649 1243 1724 peccatum
1267 1645 1419 1726 admittit,
1450 1655 1478 1710 et
1496 1604 1578 1709 firi

396 1765 468 1811 reus
490 1747 696 1830 sanguinisJ
669 1764 742 1808 eus.
787 1746 887 1809 Facite
910 1748 1002 1829 igitur
1025 1765 1117 1828 opera
1140 1748 1237 1829 bona,
1264 1751 1454 1832 quicumque
1475 1772 1521 1815 ac·

397 1852 518 1933 cepistis
541 1871 557 1914 a
581 1851 725 1929 Domino,
756 1869 812 1929 ne,
843 1850 911 1912 dum
942 1852 1096 1914 moramini
1117 1851 1236 1933 lacere,
1272 1853 1520 1920 ²consummetur

398 1961 545 2019 structura
568 1957 676 2032 turris3
705 1962 828 2037 propter
855 1973 910 2018 vos
941 1957 1019 2018 enim
1042 1959 1242 2022 intermissum
1266 1968 1317 2024 est
1342 1981 1424 2043 opus
1446 1963 1520 2026 aedi·

397 2059 541 2145 ficationis
564 2063 639 2144 ejus
685 2062 748 2124 Nisi
772 2062 861 2142 igitur
884 2061 1094 2124 festinaveritis
1119 2062 1221 2125 iacere
1243 2073 1352 2146 recte,
1385 2087 1520 2132 consum·

397 2166 523 2231 mobitur
553 2167 660 2244 turris,
695 2173 725 2227 et
757 2164 984 2229 excludamini“
1030 2164 1187 2248 Postquam
1219 2188 1297 2232 vero
1332 2172 1456 2238 loculus
1485 2182 1520 2237 est

397 2284 531 2350 mecum,
561 2271 691 2334 surrexit
714 2269 751 2332 de
774 2271 868 2348 lecto,
893 2278 922 2333 et
945 2271 1132 2354 apprehenso
1155 2281 1279 2353 pastore
1305 2285 1338 2340 et
1362 2280 1520 2362 virginibus

397 2377 476 2439 abiit
521 2376 602 2437 Dixit
625 2381 720 2437 autem
743 2376 823 2454 mihi,
848 2377 1041 2439 remissurum
1063 2395 1098 2439 se
1120 2384 1274 2458 pastorem
1300 2381 1389 2446 illum
1415 2392 1446 2447 et
1467 2386 1520 2448 vir·

397 2481 488 2567 gines
508 2481 603 2542 illas
594 2499 624 2542 m
647 2479 764 2542 domum
787 2499 891 2543 meam

432 2667 460 2736 1)
480 2666 647 2721 Commendat
666 2630 855 2736 eleemosynam
874 2677 924 2724 etc
956 2673 961 2737 Ι
1010 2671 1040 2738 2)
1060 2668 1111 2724 cfr.
1130 2669 1209 2725 sinit.
1229 2670 1280 2740 lX,
1301 2670 1329 2728 5.
