3659 5209
610 518 630 573 l.
650 516 832 571 cusususls
849 516 894 569 ΑΙ)
915 515 989 570 COR.
1008 516 1106 572 XXXV.
1123 518 1231 572 XXXVI.
1419 523 1480 588 103

349 680 499 760 ponebas
522 681 671 760 loqueum.
716 680 803 742 lloee
823 679 931 757 fecisti
955 688 984 741 el
1007 682 1109 753 looni5
1136 682 1339 759 existimasli,
1363 683 1479 763 inique,

353 781 443 866 qaod
466 805 519 848 aro
542 785 599 847 libi
621 786 742 847 similis.
781 784 920 864 monam
939 792 977 860 le,
1000 792 1030 845 el
1045 768 1180 847 slolnum
1196 793 1224 846 la
1240 794 1352 849 contro
1365 786 1480 863 sociam

324 898 451 951 ,lnam
495 890 659 970 Intelliqiia
688 891 796 968 alique
824 891 919 964 boae,
954 890 1007 969 qni
1043 889 1266 951 obliviscimini
1294 891 1409 968 Deum,
1441 911 1479 954 ne

354 996 485 1074 qnando
516 996 624 1073 ropiol
649 1013 706 1056 oos
741 992 913 1074 ¹lonquom
942 994 1008 1068 lao,
1039 1001 1070 1054 el
1101 1013 1164 1056 non
1190 995 1249 1072 sil,
1280 994 1334 1073 qai
1357 978 1477 1071 arimini.

352 1099 553 1178 Sacrificium
576 1099 684 1160 lonclis
706 1098 929 1179 honorificabit
950 1118 1007 1174 me,
1032 1107 1062 1160 el
1084 1099 1242 1177 illiciter,
1267 1095 1353 1179 ‘²qno
1375 1107 1478 1161 oslen-

353 1205 430 1265 dam
452 1205 500 1265 illi
523 1205 652 1267 solutam
674 1203 745 1265 Dei.

404 1395 535 1457 xxxva.
583 1394 690 1458 omna
714 1393 872 1456 unanimo
896 1394 988 1456 nouis
1006 1413 1066 1472 per
1092 1366 1249 1456 casamo
1271 1394 1430 1456 arumna.

442 1517 522 1578 Haeo
544 1523 591 1578 est
613 1516 677 1593 vin,
709 1515 825 1594 dilecti,
859 1515 887 1576 in
911 1533 969 1597 qua
993 1517 1122 1578 salutare
1145 1522 1277 1578 nostrum
1300 1517 1478 1594 invenimus,

350 1618 481 1682 ³Jesum
501 1620 655 1697 Christum,
680 1620 859 1682 oblationum
883 1628 1051 1683 noslrarum
1076 1620 1277 1702 ⁴p0niiiioem‚
1301 1621 1477 1683 infirmitatis

348 1733 476 1793 noslrae
507 1731 661 1806 pauonum
697 1731 726 1785 et
760 1724 975 1788 auxiliatorem.
1020 1727 1076 1788 Per
1108 1727 1186 1789 hune
1219 1726 1372 1788 coelorum
1406 1724 1477 1787 alli-

349 1831 485 1895 tudinem
518 1826 720 1910 ⁵ospieimus3
741 1847 807 1910 ,per
840 1828 919 1891 huno
954 1830 1063 1892 vultum
1097 1832 1161 1911 ejus
1197 1829 1410 1892 immaculatum
1446 1836 1477 1890 el
1538 1866 1542 1881 ·

350 1933 507 1999 excelsum
532 1934 745 2014 speculamur3
779 1950 833 2013 per
866 1932 945 1993 huno
978 1928 1086 1994 ¹⁵oouli
1119 1932 1218 1995 cordis
1252 1934 1346 1996 noslri
1380 1931 1476 2012 aperti

347 2045 442 2113 sunl;
465 2055 519 2118 per
541 2038 619 2098 huno
643 2029 808 2114 ⁷insipieus
827 2037 862 2095 'et
884 2035 1042 2096 obseurala
1064 2055 1147 2097 mens
1171 2042 1270 2098 noslra
1294 2038 1322 2098 in
1344 2036 1475 2097 admira-

347 2144 443 2206 bilem
478 2143 543 2222 ejus
577 2140 674 2201 lucem
704 2138 889 2212 refloresoil3
923 2157 978 2218 per
1012 2138 1090 2200 hunc
1123 2139 1217 2200 voluit
1245 2141 1387 2201 Dominus
1418 2154 1474 2200 nos

345 2246 548 2333 immorlalem
578 2245 778 2324 cognitionem
809 2249 949 2325 gustare3
984 2262 1039 2325 per
1073 2244 1168 2321 hune,
1204 2236 1283 2323 8qui
1314 2243 1474 2323 majeslalis

346 2352 408 2414 Dei
425 2349 568 2431 splendor
584 2336 727 2426 existens,
744 2354 823 2410 lanio
842 2350 937 2429 major
953 2355 999 2410 esl
1015 2347 1140 2429 angelis,
1159 2351 1267 2428 quanto
1280 2345 1474 2406 excellentius

347 2473 463 2519 nomen
494 2454 614 2515 sortibus
646 2459 700 2514 est.
745 2453 890 2532 Scriplum
919 2453 995 2513 enim
1026 2459 1088 2514 est:
1123 2447 1205 2532 ⁹qui
1236 2449 1317 2526 socii
1347 2447 1475 2526 onqelos

348 2580 430 2625 snos
451 2559 597 2638 spiritns,
630 2565 660 2618 al
688 2557 850 2619 ministros
877 2576 954 2619 snos
985 2557 1069 2634 ionis
1096 2554 1258 2632 flammam.
1309 2545 1332 2587 ¹⁰
1347 2550 1392 2611 De
1414 2549 1474 2610 filio
1587 2571 1591 2579 ·

350 2670 451 2728 aulem
476 2680 531 2724 suo
554 2662 598 2723 sio
621 2659 693 2721 dixit
716 2661 875 2723 Dominus:
908 2658 934 2699 ¹¹
947 2661 1033 2739 filins
1056 2679 1140 2722 mans
1164 2679 1196 2720 as
1219 2666 1269 2732 ln,
1301 2674 1357 2735 eqo
1381 2653 1475 2714 lodie

347 2768 446 2851 yenni
477 2774 526 2839 le,·
553 2766 684 2844 postulo
715 2784 735 2826 o
764 2784 826 2841 aaa,
858 2772 889 2824 el
918 2763 1000 2825 dabo
1031 2763 1087 2823 libi
1116 2770 1223 2843 yantas
1255 2757 1474 2822 hoereditatem

351 2881 452 2948 tuom,
482 2878 512 2931 at
530 2871 759 2950 possessionem
781 2877 863 2930 lnam
886 2869 1035 2931 terminos
1059 2877 1172 2930 tarrae.
1217 2866 1254 2928 Et
1277 2867 1383 2926 ilerum
1405 2861 1476 2923 dieii

350 2977 389 3040 ad
415 2994 498 3038 esum:
531 2972 557 3053 ¹²
570 2976 644 3037 sade
667 2994 687 3037 a
709 2976 831 3036 deonas
852 2975 947 3049 mois,
979 2962 1080 3034 donae
1100 2990 1214 3050 ponam
1236 2969 1382 3047 inimicos
1405 2974 1474 3057 tems

349 3081 519 3146 scabellum
530 3080 643 3160 pedam
659 3088 788 3142 leonum.
813 3078 937 3151 Quinam
953 3083 1129 3139 autemsuut
1143 3076 1251 3140 inimici
1264 3071 1310 3136 ¹³?
1333 3071 1473 3135 Homines

350 3185 500 3268 perversi,
522 3191 553 3247 et
575 3184 626 3266 qui
653 3182 676 3221 ¹⁴
692 3184 809 3246 divinae
834 3181 978 3244 volunlati
1000 3181 1150 3243 resistunt.
1257 3228 1259 3233 .
1346 3195 1349 3200 ·

388 3479 417 3543 7)
441 3477 549 3529 Videtur
575 3474 600 3527 S.
628 3471 703 3525 Pater
728 3473 841 3536 alludere
867 3474 899 3527 ad
948 3473 991 3539 12)
1011 3473 1051 3526 Ps.
1072 3473 1130 3537 109,
1152 3472 1174 3522 1.
1211 3467 1288 3521 Hebr.
1310 3468 1333 3532 1,
1355 3466 1395 3516 13.

352 3567 426 3619 Rom.
449 3566 478 3630 1,
498 3564 529 3614 21
550 3570 576 3614 et
594 3559 682 3612 IPelr,
701 3560 733 3625 2,
753 3560 776 3610 9.
809 3566 899 3613 Wom.
947 3561 990 3624 13)
1009 3560 1096 3613 lunius
1116 3558 1222 3610 dederat
1245 3553 1268 3604 οἱ
1286 3551 1374 3618 ἐχθροὶ
1392 3545 1473 3610 αὑτοῦ,

353 3653 440 3705 Verba
455 3651 519 3702 haec
538 3646 675 3699 Clementis
694 3664 773 3716 usque
793 3648 823 3698 ad
841 3644 900 3715 γεὸ·
928 3649 1061 3700 Woltonus
1073 3645 1188 3712 reposuit
1199 3640 1285 3706 ἐχθροὶ
1298 3640 1384 3705 κυρίου.
1408 3636 1473 3687 Hia-

352 3744 443 3792 σασθαι
460 3736 546 3789 laudnt
563 3737 643 3790 Clam.
656 3738 732 3788 Alam.
753 3733 843 3787 Suom.
858 3734 900 3798 lV,
927 3744 967 3787 tus
986 3743 1069 3786 autem
1087 3747 1137 3783 non
1157 3737 1196 3781 est
1213 3727 1320 3795 plurium
1339 3740 1414 3793 quem
1428 3737 1473 3773 sex

354 3827 395 3878 17.
416 3843 443 3893 p.
462 3823 522 3876 613.
927 3822 1064 3872 literarum.
1091 3822 1235 3869 Jaoousoa.

387 3914 417 3979 8)
437 3911 514 3962 Hebs.
538 3908 561 3975 1,
580 3908 602 3959 3.
622 3909 647 3960 4.
948 3907 991 3971 14)
1009 3906 1046 3957 lta
1065 3911 1155 3957 Wosu.
1173 3910 1199 3954 el
1215 3904 1273 3952 Jsc.
1307 3897 1335 3948 ln
1352 3896 1397 3946 bis.
1416 3898 1474 3960 posi

387 4000 417 4064 9)
437 3997 477 4048 Ps.
498 3995 556 4061 103,
576 3996 600 4045 4.
635 3992 712 4046 Hebr.
734 3993 757 4058 1,
776 3992 801 4043 7,
927 3991 1090 4059 τῷθελὴματι
1105 3993 1195 4042 ilerum
1208 3992 1290 4038 exstat
1305 3978 1473 4030 momm-

369 4066 416 4152 10)
437 4085 507 4152 Lego
525 4080 566 4130 ἐπὶ
584 4079 612 4130 δὲ
629 4083 673 4129 τοῦ
692 4079 750 4130 υἱοῦ.
775 4079 848 4130 Bous
929 4081 1045 4129 MA..I.
1076 4078 1139 4129 Θεοῦ
1156 4075 1240 4129 adbuc
1258 4073 1284 4122 in
1303 4067 1394 4118 codice
1412 4075 1472 4112 cer-

368 4174 417 4240 11)
437 4171 478 4223 Ps.
498 4171 524 4237 2,
543 4169 567 4220 7.
586 4166 612 4219 8.
647 4166 724 4220 Habr.
746 4166 769 4232 1,
789 4166 812 4218 5.
928 4182 991 4218 uera
1008 4166 1090 4234 poluit
1108 4164 1251 4215 Wottonus.

1447 4518 1568 4642 Ι
