3659 5209
1015 563 1124 616 xv!
1879 554 2389 610 PROLEGOMENA.
2534 564 2553 588 -’
2675 555 2904 624 [EPIST.
2944 558 2994 611 S.
3034 557 3211 613 BARN

1019 724 1385 805 disputarunt
1416 721 1684 797 Franke,
1731 721 1790 781 in
1822 717 2187 780 Rudelbaoh
2229 723 2285 779 et
2324 718 2624 780 Guerike:
2669 718 2950 781 Zeilschr.
2985 719 3081 782 fiir
3116 720 3211 782 lut]

1015 830 1345 911 Theologie
1391 834 1499 888 etc.
1554 823 1737 889 1840.
1798 824 1965 886 Fasc.
2013 823 2113 902 11.‚
2175 823 2535 904 Hilyenfeld
2581 819 2717 906 (die
2764 824 3014 905 apostol.
3065 825 3211 886 Vale

1019 930 1202 996 1353.
1266 953 1320 1018 p.
1372 930 1452 993 37
1500 926 1670 1012 sqq.)
1733 938 1792 992 et
1847 948 1970 992 van
2026 926 2227 1004 Gilse,
2291 926 2504 1009 Heyns
2565 934 2625 988 et
2668 926 2896 989 Junius
2955 929 3012 990 in
3074 931 3211 991 tritu

1015 1037 1606 1100 commentationibus
1655 1036 1730 1098 de
1775 1031 2079 1114 theologia
2128 1037 2356 1112 patrum
2403 1032 2864 1113 apostolicorum
2911 1033 3139 1111 morali,
3192 1053 3211 1095 ε

1015 1140 1326 1204 Academia
1359 1138 1917 1223 Lugduno-Batava
1957 1133 2122 1199 1833
2170 1137 2434 1218 praemio
2483 1138 2724 1200 ornatis.
2801 1139 3073 1218 Denique
3106 1158 3211 1201 ant

1019 1243 1182 1308 1854
1231 1248 1329 1308 Dr.
1362 1246 1633 1308 Litblcert
1678 1244 1752 1304 de
1802 1242 2102 1324 theologia
2141 1242 2375 1304 Patrum
2422 1242 2884 1322 apostolicorum
2931 1246 3206 1325 generati

1011 1352 1330 1434 disputavit
1377 1352 1433 1412 in
1474 1349 1773 1424 Niedner,
1820 1346 2156 1410 Zeitschrist
2202 1347 2296 1409 sur
2341 1348 2543 1410 histor.
2580 1348 2913 1431 Theologie
2959 1349 3022 1412 T.
3055 1349 3211 1412 ΧΧΓ

1051 1455 1301 1521 ,1854
1349 1475 1405 1536 p.
1455 1452 1580 1518 589
1628 1471 1757 1534 sqq.

1183 1562 1302 1624 Vll.
1395 1560 1534 1621 Post
1607 1558 2011 1639 Nicephorum
2087 1556 2477 1640 patriarcham
2551 1554 3210 1640 constantinopolitana

1015 1668 1091 1748 [Τ
1139 1662 1308 1748 828)
1358 1672 1417 1727 et
1463 1669 1766 1727 auctorem
1811 1663 2091 1743 antiquae
2137 1661 2445 1744 cujusdam
2491 1659 2962 1742 Stichometriae,
3008 1684 3040 1727 a
3076 1665 3211 1728 Coie

1011 1772 1160 1833 lario
1206 1770 1559 1851 publicatae,
1609 1786 1801 1848 usque
1849 1768 1919 1829 ad
1968 1766 2232 1830 seculum
2261 1765 2420 1829 lel
2463 1783 2639 1828 nemo
2687 1767 2975 1848 epistolae
3019 1775 3211 1834 nostre

1011 1876 1276 1937 notitiam
1324 1873 1601 1935 habuisse
1647 1871 1901 1934 videtur.

1185 1979 1412 2040 Primus
1452 1978 1663 2039 iterum
1697 1996 1847 2056 eam,
1895 1978 2184 2058 epistolae
2214 1976 2529 2059 Polycarpi
2560 1978 2955 2060 conjunctam,
3000 1976 3211 2041 Jacobi

1015 2082 1362 2147 Sirmondus
1409 2081 1466 2146 S.
1515 2083 1565 2144 J.
1624 2084 1685 2142 in
1745 2082 1955 2145 codice
2003 2083 2295 2145 Turriano
2360 2081 2695 2165 detegebat.
2786 2083 2967 2146 Paulo
3014 2090 3150 2165 post
3207 2104 3211 2145 ;

1015 2192 1143 2252 aliis
1177 2190 1362 2253 tribus
1397 2187 1722 2267 codicibuS,
1763 2188 2167 2252 Bibliothecae
2202 2188 2539 2266 Vaticanae,
2574 2186 2901 2250 Cardinalis
2937 2187 3211 2250 Columna

1015 2300 1071 2356 et
1120 2293 1399 2356 Andreae
1446 2292 1672 2357 Schotti
1731 2292 1788 2357 S.
1835 2293 1925 2372 J.,
1986 2292 2201 2354 eadem
2256 2293 2506 2374 epistola
2570 2293 2996 2375 reperiebatur.
3087 2293 3211 2376 Hug

1015 2408 1207 2460 autem
1253 2397 1590 2476 Menardus,
1639 2415 1674 2459 e
1721 2397 2211 2480 Congregatione
2259 2398 2315 2461 S.
2364 2397 2572 2476 Mauri,
2629 2400 2925 2478 antiquam
2972 2398 3211 2480 epistole

1015 2504 1356 2568 versionem
1403 2502 1639 2565 latinam
1682 2504 1740 2565 in
1775 2503 1985 2565 codice
2019 2502 2371 2566 Corbeiensi
2403 2500 2579 2586 (ante
2614 2505 2744 2572 Sec.
2778 2500 2896 2586 IX)
2931 2504 3211 2567 invenera

1007 2608 1423 2692 apographon
1483 2606 1707 2669 codicis
1752 2607 2082 2671 Sebottiani
2130 2613 2188 2668 et
2234 2609 2454 2669 veteris
2501 2608 2655 2671 illius
2701 2609 2997 2671 versionis
3044 2609 3211 2671 latina

1011 2712 1288 2774 Claudius
1324 2711 1640 2774 Salmasius
1674 2711 1878 2772 Isaaco
1912 2712 2151 2789 Vossio,
2197 2711 2448 2775 Vossius
2481 2713 2727 2777 Usserio
2774 2712 3030 2776 tradidit.
3126 2715 3211 2788 Qu

1011 2820 1164 2880 facto
1211 2817 1474 2881 Jacobus
1522 2816 1800 2883 Usserius
1852 2816 2293 2896 ArmachanuS,
2351 2817 2667 2881 Hiberniae
2714 2819 2936 2881 Primas
2984 2837 3034 2881 a.
3093 2817 3211 2882 164

1011 2923 1232 2985 Οκοηίἰ
1298 2921 1606 3003 epistolam
1653 2920 1961 2983 Barnabae
2018 2921 2189 3004 prelo
2249 2923 2521 3005 subjecit.
2616 2923 2733 2987 Sed
2781 2924 2995 3006 ingens
3043 2925 3211 2986 incen

1011 3028 1202 3105 dium,
1274 3026 1435 3107 quod
1499 3043 1622 3088 non
1688 3027 1967 3109 exiguam
2035 3032 2261 3109 partem
2328 3028 2490 3089 urbis
2555 3028 2919 3091 Oxoniensis
2989 3029 3211 3089 vastavi

1015 3133 1206 3193 onmia
1254 3148 1498 3211 quoque
1546 3131 1909 3211 exemplaria
1956 3132 2254 3194 absumsit.

1187 3236 1320 3310 Quo
1369 3243 1563 3298 autem
1613 3235 1801 3298 ferme
1846 3244 2113 3319 tempore
2150 3238 2427 3300 Usserius
2474 3255 2639 3300 suam
2685 3238 3078 3320 praeparabat
3124 3237 3211 3300 edi

1011 3344 1266 3420 tionem,
1345 3340 1420 3403 de
1486 3340 1616 3422 ipsa
1686 3342 1933 3427 epistola
2000 3342 2237 3404 Parisiis
2308 3343 2640 3427 evulganda
2714 3345 3013 3426 cogitabat
3082 3345 3211 3426 Hug

1011 3445 1367 3523 Menardus,
1436 3446 1761 3510 monachus
1807 3447 2247 3511 BenedictinuS.
2339 3446 2474 3528 Ipso
2537 3456 2772 3510 mortuo
2841 3445 3008 3510 1644
3068 3448 3211 3511 Luca

1011 3550 1360 3628 DacheriuS,
1411 3550 1676 3631 ejusdem
1726 3551 2249 3638 congregationis,
2302 3553 2571 3616 Menardi
2617 3554 2934 3617 editionem
2989 3551 3154 3618 1645
3203 3558 3211 3616 i

1011 3656 1205 3716 lucem
1257 3654 1469 3732 emisit,
1515 3657 1701 3718 textui
1746 3658 2039 3720 Turriano
2086 3658 2374 3720 versione
2421 3656 2770 3721 Corbeiensi
2817 3659 3064 3741 adjecta.

1185 3758 1660 3822 Emendatiorem
1694 3761 2002 3825 Barnabae
2050 3761 2359 3844 epistolam
2414 3759 2577 3827 1646
2611 3763 3036 3826 Amstelodami
3079 3764 3211 3826 edid

1011 3868 1244 3928 lsaacus
1270 3864 1540 3944 VossiuS,
1572 3866 1841 3946 pluribus
1875 3869 2004 3930 aliis
2038 3867 2345 3930 codicibus
2378 3883 2544 3945 usuS,
2578 3867 2945 3946 Florentino,
2972 3869 3211 3930 Vatiean

1015 3976 1071 4032 et
1115 3970 1380 4033 Romano
1429 3970 1869 4034 Theatinorum.
1955 3972 2162 4033 Plures
2210 3970 2427 4033 deinde
2473 3978 2717 4035 secutae
2762 3980 2898 4035 sunt
2945 3972 3207 4037 editione

1011 4076 1359 4156 praesertim
1409 4073 1706 4154 Cotelerii,
1750 4075 2011 4138 Russelii
2060 4082 2119 4138 et
2166 4072 2469 4138 Gallandii.

1186 4180 1324 4241 VIII.
1414 4179 1750 4245 Notandum
1811 4179 2101 4261 denique,
2169 4180 2230 4242 in
2297 4178 2581 4241 omnibus
2642 4181 2879 4263 graecis
2948 4180 3211 4245 codicib1

1015 4284 1227 4346 deesse
1274 4286 1462 4366 capita
1516 4281 1680 4347 1.-4
1724 4283 1939 4372 indus..
1981 4292 2042 4348 et
2089 4284 2385 4348 dimidium
2434 4286 2638 4365 quinti.
2700 4269 2709 4274 ’

1930 4429 2334 4441 —-—--—.-..—.,----
