3659 5209
426 579 466 663 x2
799 567 978 623 snnnnnsa
996 566 1164 622 nrtsronn.
1191 568 1211 620 r.

445 734 523 817 quia,
547 731 615 796 dum
638 729 674 795 ad
697 746 752 793 vos
776 727 932 812 adloquor,
957 728 1045 792 muita
1067 730 1134 792 mihi
1152 730 1229 793 bona
1245 734 1467 791 successerunt
1484 728 1515 791 in
1530 727 1569 791 ria

448 837 627 920 ¹aequitatis
650 836 777 911 Domini.
821 835 903 913 Ideo,
928 818 1074 913 ²iratres,
1094 841 1126 896 et
1151 852 1209 916 ego
1234 835 1335 916 cogito
1360 833 1498 916 diligere
1522 851 1568 897 vos

444 962 535 1025 super
557 944 681 1004 animant
706 960 815 1015 meatim
840 940 906 1019 quin
931 940 1102 1020 magnitudo
1126 939 1195 1001 fidei
1218 945 1247 1001 et
1270 938 1392 1001 dilectio
1412 938 1565 1001 habitatin

443 1046 527 1127 ³itto,
551 1054 580 1110 et
601 1065 672 1129 spes
695 1047 774 1108 vitae
798 1043 908 1109 ⁴ttttus.
948 1043 1091 1126 Cogitans
1114 1063 1188 1126 ergo
1212 1044 1269 1105 hoc
1291 1079 1332 1086 -·
1350 1041 1468 1134 ⁵quasi
1486 1062 1566 1105 curae

442 1151 632 1229 miminerit,
658 1157 689 1212 ut
712 1150 865 1212 vobiscum
888 1149 999 1229 partiar
1055 1152 1058 1158 '

440 1244 499 1342 ἀφ’
521 1243 559 1317 οὗ
581 1245 693 1332 ἔλαβον
714 1246 829 1338 μέρους
874 1255 892 1316 .’
926 1296 934 1312 .
979 1271 1124 1332 ‚exeo,
1148 1252 1227 1332 quod
1251 1253 1417 1332 accepi-
1443 1252 1562 1316 futurum

439 1403 447 1420 .
500 1402 507 1419 .
558 1400 987 1417 .........
1015 1355 1103 1434 mihi,
1141 1353 1472 1436 talibus⁶spiritibus
1506 1375 1562 1419 ser-

661 1506 669 1521 .
713 1506 721 1521 .
766 1449 988 1522 .ἐσπούδασα
1015 1461 1123 1537 vianti,
1153 1460 1261 1522 hocin
1286 1460 1453 1539 mercede,
1491 1457 1561 1524 ⁷ad-

438 1557 518 1628 stand
539 1557 649 1649 μικρὸν
670 1553 740 1643 ὑμῖν
762 1557 905 1649 πέμψαι,
936 1556 988 1624 ἵνα
1015 1565 1173 1646 properavi
1196 1582 1290 1644 panca
1318 1564 1407 1626 vobis
1445 1567 1559 1643 mittere,

433 1660 521 1751 perd
541 1667 598 1752 τῆς
618 1661 757 1741 πίστεως
770 1658 855 1747 ὑμῶν
868 1663 988 1730 τελείαν
1015 1675 1046 1730 nt
1069 1668 1155 1731 fidem
1179 1675 1413 1730 consummatam
1439 1669 1559 1732 habeatis

439 1764 530 1856 ἔχητε
551 1767 603 1833 καὶ
623 1763 678 1856 τήν
700 1768 847 1851 γνῶσιν.8
1015 1778 1044 1835 et
1066 1773 1228 1835 scientiam.

441 1877 516 1938 Tres
539 1883 608 1939 sunt
630 1872 730 1960 ⁹ergo
759 1871 781 1913 ¹⁰
793 1877 1020 1938 constitutiones
1044 1877 1178 1939 Domini:
1204 1875 1320 1939 ¹¹vitae
1343 1896 1431 1958 spes,
1458 1879 1556 1942 initiunt

439 1986 468 2041 et
505 1982 727 2044 consummatio.
794 1980 962 2062 Propalavit
1000 1981 1091 2042 enim·
1115 1981 1258 2042 Dominus
1296 1999 1351 2061 per
1390 1976 1555 2066 Prophetas,

443 2081 557 2166 ¹²quae
580 2086 813 2186 praeterierunt,
843 2090 873 2147 et
901 2081 924 2122 '³
941 2084 1106 2147 intimorum
1135 2083 1215 2145 dedit
1245 2086 1330 2146 nobis
1363 2087 1453 2150 initia
1482 2089 1555 2150 scire.

472 2223 500 2289 1)
518 2223 536 2274 i.
556 2239 579 2275 e.
597 2226 699 2293 pretia,
718 2226 881 2292 dertipnitnte·
1011 2220 1105 2288 abaci.)
1136 2243 1170 2270 =
1201 2217 1313 2276 τοιούτοις
1348 2223 1394 2270 τοῦ
1434 2220 1556 2288 mamam

471 2308 501 2374 2)
521 2305 607 2359 Codex
627 2306 788 2360 Corbeiensis
811 2307 889 2359 habet
911 2312 981 2376 forn,
1011 2305 1195 2374 ὑπουργοῦντος,
1234 2308 1250 2357 i·
1280 2323 1303 2359 e.
1335 2327 1422 2376 petum
1456 2313 1555 2381 opernm

436 2392 503 2461 quod
521 2394 562 2444 hic
580 2410 655 2447 sensu
674 2403 751 2446 caret.
788 2393 878 2445 Procul
904 2393 982 2444 dnbio
999 2396 1084 2456 *votis
1104 2395 1226 2460 (tatibus)
1245 2397 1356 2448 serviat.

434 2487 508 2532 vetus
527 2481 651 2548 interpres
669 2482 803 2549 scripserat
822 2479 900 2543 FttS,
920 2481 936 2529 i.
958 2497 980 2530 e.
1045 2479 1074 2546 7)
1094 2479 1137 2529 tis.
1157 2483 1320 2548 adpropiaret.

432 2570 543 2634 fratrer,
563 2568 632 2635 qnod
651 2568 766 2619 librarius
780 2566 880 2635 quidam
897 2567 982 2634 inepte
1044 2563 1072 2627 8)
1092 2563 1188 2616 Graeca
1209 2565 1273 2617 haec
1293 2576 1396 2622 exstant
1417 2573 1487 2641 apud
1506 2575 1553 2628 eto

433 2654 457 2704 in
475 2659 535 2722 foro
553 2656 667 2706 mutarit.
1009 2661 1117 2703 arsenatem
1134 2655 1211 2706 ntea.
1230 2652 1322 2707 strom.
1342 2655 1374 2708 lt.
1390 2673 1418 2712 c.
1432 2662 1460 2712 6.
1472 2678 1497 2729 p.
1509 2659 1553 2712 tn.

468 2739 497 2804 3)
516 2739 535 2791 i.
549 2756 572 2791 e.
591 2740 616 2791 in
630 2740 676 2792 hac
689 2757 726 2805 re,
746 2742 770 2792 in
783 2739 830 2791 hac
844 2738 981 2791 dilectione
1010 2736 1050 2790 ed.
1071 2736 1134 2789 Pott.
1155 2738 1244 2790 venet.
1267 2741 1343 2792 1757.

433 2827 539 2894 proximi
558 2842 619 2878 vera
638 2826 752 2879 consistit
771 2824 892 2891 dilectio,
920 2843 980 2878 vera
1043 2822 1071 2888 9)
1090 2824 1159 2893 Ergo
1175 2847 1210 2871 =
1224 2821 1268 2875 οὖν
1283 2851 1317 2874 =
1332 2847 1441 2901 stampe.
1477 2833 1553 2886 Sem!

433 2913 496 2964 tides
515 2921 542 2964 et
559 2913 629 2964 firma
648 2928 715 2979 spes.
752 2910 831 2964 Aliter
854 2911 896 2963 alii
915 2912 981 2963 hunc
1009 2918 1062 2961 est:
1087 2915 1162 2966 Totis
1187 2915 1215 2964 in
1238 2917 1287 2980 fide
1306 2925 1336 2969 et
1355 2921 1477 2974 aeimtia
1492 2937 1552 2991 prs·

433 2997 517 3051 ionum
553 3001 757 3069 interpretantur.
819 2999 980 3051 Schnitzerns
1007 3015 1170 3066 pressea
1200 2999 1257 3054 Deo
1284 3005 1390 3070 placet,
1412 3010 1480 3075 ‚qui
1510 3009 1553 3076 ipse

432 3084 513 3137 verba
531 3087 623 3138 initio
646 3083 679 3135 ad
706 3085 883 3138 antecedentia
901 3089 979 3155 inse·
1010 3094 1081 3138 tres
1105 3088 1236 3153 predata
1262 3091 1291 3140 in
1309 3085 1458 3147 obtinenda
1482 3096 1552 3148 estse

433 3189 495 3226 snm
512 3173 638 3240 spiritum
656 3169 750 3235 refert,
776 3170 844 3223 hunc
867 3174 981 3239 spiritum
1009 3173 1151 3225 ordinavit.

432 3257 540 3309 infusum
565 3256 660 3308 iontem
684 3255 842 3323 dilectionis,
870 3258 930 3309 fidei
956 3268 982 3311 et
1046 3260 1089 3323 10)
1109 3259 1242 3325 Διαταγαὶ,
1265 3262 1465 3319 ordinatiorm.

432 3338 489 3410 spei
513 3357 571 3394 esse
596 3341 732 3394 affirmans.
768 3348 801 3399 In
825 3348 871 3398 illo
891 3367 926 3391 =
954 3349 982 3399 in
1047 3346 1089 3410 11)
1122 3349 1192 3399 Vitae
1218 3363 1281 3415 apes
1308 3363 1357 3413 per
1386 3351 1552 3404 oeconoma!

432 3416 545 3484 Domino
564 3444 631 3494 esse,
650 3428 760 3481 Henrico
778 3429 867 3482 Rhode
886 3431 981 3499 placet.
1008 3438 1122 3483 veterem
1150 3433 1242 3500 generi
1271 3430 1383 3485 humano
1417 3440 1552 3507 proposittt

467 3516 495 3578 4)
514 3513 533 3565 1.
552 3530 576 3565 e.
595 3524 721 3570 aeternae·
1008 3520 1115 3571 initium
1138 3521 1207 3572 vitae
1230 3533 1277 3586 per
1294 3519 1410 3586 primum
1430 3525 1552 3578 adventu

467 3602 495 3664 5)
514 3599 633 3653 Fortasse
652 3593 677 3652 in
694 3618 789 3671 graeco
807 3600 981 3671 legebaturoie
1008 3603 1099 3655 Christi
1125 3612 1152 3655 et
1178 3603 1350 3656 fundationem
1380 3611 1462 3678 regni
1488 3607 1552 3662 dirisi

431 3685 639 3752 σπουδασάμενος,
663 3705 722 3742 eum
740 3692 805 3744 mitti
823 3707 903 3744 cerae
921 3707 981 3744 esee
1007 3692 1032 3741 in
1051 3691 1134 3755 terris,
1153 3693 1345 3744 consummatio
1358 3696 1437 3750 vitae
1449 3697 1476 3750 irt
1487 3707 1552 3765 repet

430 3776 523 3828 anteat.
555 3773 663 3827 Sensus:
682 3778 818 3845 Reputans
832 3785 904 3830 -nt
918 3794 980 3830 anm
1007 3775 1093 3828 divino
1113 3776 1247 3827 incoctis.
1320 3810 1324 3817 -

432 3868 577 3913 consuetae
595 3863 733 3915 actiacam
750 3864 848 3928 partiri
867 3889 896 3918 -,
919 3865 980 3914 terte
1042 3862 1087 3930 12)
1105 3867 1182 3929 Quae
1199 3867 1411 3933 praeteriet-esst,
1430 3851 1453 3919 i.
1473 3885 1498 3921 e.
1515 3881 1551 3919 re·

430 3960 471 3998 me
488 3947 728 4022 peremturum,
751 3950 778 4000 ri
794 3949 871 4001 cotia
888 3950 978 4015 apiri-
1005 3956 1085 4000 terem
1129 3950 1305 4001 oeconomiam
1341 3949 1476 4008 Dominus
1516 3965 1551 4022 pet

431 4033 539 4084 tuatim
555 4035 673 4087 omnium
691 4041 740 4084 etc.
771 4059 774 4066 ‚
864 4087 868 4091 ,
1005 4034 1143 4103 prophetas
1169 4027 1297 4100 fundavit,
1325 4037 1456 4108 instituit,
1483 4039 1551 4110 patu

465 4116 498 4195 6)
514 4115 559 4168 Ms.
583 4109 699 4184 spiritns
724 4121 879 4189 aaraimnea.
916 4117 978 4170 Pot·
1005 4121 1074 4172 iecit.
1110 4121 1155 4173 dis.
1174 4121 1239 4193 male
1258 4125 1310 4191 qui.

430 4209 499 4254 teras
536 4203 654 4268 conjicit:
700 4207 800 4273 spiritu
835 4207 977 4269 sarcient2'3
1021 4208 1094 4279 113)
1115 4206 1135 4258 1.
1167 4224 1191 4260 e.
1220 4223 1268 4260 nos
1298 4209 1348 4276 ipsi
1381 4215 1468 4270 indua
1495 4217 1550 4270 etta

430 4285 592 4339 Schnitzerns
616 4287 655 4355 (in
681 4290 831 4340 recensione
860 4289 978 4343 editionis
1004 4292 1122 4359 vidimus,
1141 4293 1384 4350 ostentationem
1398 4296 1549 4371 rapnidiriss'

428 4378 558 4440 nostram:
571 4377 688 4443 spirituc
701 4377 844 4430 sententia
857 4374 976 4442 (Genitir.
1003 4379 1029 4430 in
1058 4382 1156 4449 terrie,
1187 4387 1253 4449 qaae
1282 4381 1356 4436 simui
1390 4386 1549 4443 initiassent
