<?xml version="1.0" encoding="UTF-8"?>
<!DOCTYPE html PUBLIC "-//W3C//DTD XHTML 1.0 Transitional//EN"
    "http://www.w3.org/TR/xhtml1/DTD/xhtml1-transitional.dtd">
<html xmlns="http://www.w3.org/1999/xhtml" xml:lang="en" lang="en">
 <head>
  <title>
</title>
<meta http-equiv="Content-Type" content="text/html;charset=utf-8" />
  <meta name='ocr-system' content='tesseract 3.04.00' />
  <meta name='ocr-capabilities' content='ocr_page ocr_carea ocr_par ocr_line ocrx_word'/>
</head>
<body>
  <div class='ocr_page' id='page_1' title='image "./patrumapostolic00hefegoog_0097.png"; bbox 0 0 3659 5209; ppageno 0'>
   <div class='ocr_carea' id='block_1_1' title="bbox 276 567 1410 665">
    <p class='ocr_par' dir='ltr' id='par_1_1' title="bbox 276 567 1410 665">
     <span class='ocr_line' id='line_1_1' title="bbox 276 567 1410 665; baseline 0.002 -22"><span class='ocrx_word' id='word_1_1' title='bbox 276 567 446 658; x_wconf 73' lang='lat' dir='ltr'><strong>mianum]</strong></span> <span class='ocrx_word' id='word_1_2' title='bbox 509 612 511 616; x_wconf 93' lang='lat'>-</span> <span class='ocrx_word' id='word_1_3' title='bbox 717 584 972 665; x_wconf 76' lang='lat' dir='ltr'><strong>enonaconann.</strong></span> <span class='ocrx_word' id='word_1_4' title='bbox 1110 604 1115 616; x_wconf 69' lang='lat'><strong>.</strong></span> <span class='ocrx_word' id='word_1_5' title='bbox 1342 589 1410 645; x_wconf 82' lang='lat' dir='ltr'><strong>xcv</strong></span> 
     </span>
    </p>
   </div>
   <div class='ocr_carea' id='block_1_2' title="bbox 278 746 1481 3767">
    <p class='ocr_par' dir='ltr' id='par_1_2' title="bbox 278 746 1409 1045">
     <span class='ocr_line' id='line_1_2' title="bbox 370 746 1409 831; baseline 0.004 -19"><span class='ocrx_word' id='word_1_6' title='bbox 370 747 559 812; x_wconf 86' lang='lat' dir='ltr'><strong>Pii-fratrem</strong></span> <span class='ocrx_word' id='word_1_7' title='bbox 581 748 788 831; x_wconf 76' lang='lat' dir='ltr'><strong>presbyterum</strong></span> <span class='ocrx_word' id='word_1_8' title='bbox 819 746 913 810; x_wconf 90' lang='lat' dir='ltr'><strong>luisse</strong></span> <span class='ocrx_word' id='word_1_9' title='bbox 945 753 975 810; x_wconf 94' lang='lat' dir='ltr'><strong>et</strong></span> <span class='ocrx_word' id='word_1_10' title='bbox 1004 756 1128 830; x_wconf 85' lang='lat' dir='ltr'><strong>propter</strong></span> <span class='ocrx_word' id='word_1_11' title='bbox 1150 746 1254 811; x_wconf 88' lang='lat' dir='ltr'><strong>librum</strong></span> <span class='ocrx_word' id='word_1_12' title='bbox 1277 751 1409 816; x_wconf 80' lang='lat' dir='ltr'><strong>Pastoris</strong></span> 
     </span>
     <span class='ocr_line' id='line_1_3' title="bbox 278 852 1409 937; baseline 0.002 -19"><span class='ocrx_word' id='word_1_13' title='bbox 278 857 318 918; x_wconf 91' lang='lat' dir='ltr'><strong>ab</strong></span> <span class='ocrx_word' id='word_1_14' title='bbox 336 855 401 936; x_wconf 91' lang='lat' dir='ltr'><strong>ipso</strong></span> <span class='ocrx_word' id='word_1_15' title='bbox 419 860 582 932; x_wconf 89' lang='lat' dir='ltr'><strong>exaratum,</strong></span> <span class='ocrx_word' id='word_1_16' title='bbox 607 853 701 935; x_wconf 92' lang='lat' dir='ltr'><strong>ipsum</strong></span> <span class='ocrx_word' id='word_1_17' title='bbox 717 852 867 915; x_wconf 82' lang='lat' dir='ltr'><strong>Pastorem</strong></span> <span class='ocrx_word' id='word_1_18' title='bbox 885 870 954 915; x_wconf 90' lang='lat' dir='ltr'><strong>esse</strong></span> <span class='ocrx_word' id='word_1_19' title='bbox 971 854 1219 937; x_wconf 84' lang='lat' dir='ltr'><strong>cognominatum,</strong></span> <span class='ocrx_word' id='word_1_20' title='bbox 1244 873 1261 916; x_wconf 88' lang='lat' dir='ltr'><strong>e</strong></span> <span class='ocrx_word' id='word_1_21' title='bbox 1277 856 1409 920; x_wconf 90' lang='lat' dir='ltr'><strong>secunda</strong></span> 
     </span>
     <span class='ocr_line' id='line_1_4' title="bbox 281 957 1409 1045; baseline 0.002 -23"><span class='ocrx_word' id='word_1_22' title='bbox 281 959 411 1041; x_wconf 91' lang='lat' dir='ltr'><strong>epistola</strong></span> <span class='ocrx_word' id='word_1_23' title='bbox 427 958 468 1020; x_wconf 93' lang='lat' dir='ltr'><strong>Pii</strong></span> <span class='ocrx_word' id='word_1_24' title='bbox 484 957 505 1020; x_wconf 91' lang='lat'><strong>1.</strong></span> <span class='ocrx_word' id='word_1_25' title='bbox 522 957 557 1022; x_wconf 91' lang='lat' dir='ltr'><strong>ad</strong></span> <span class='ocrx_word' id='word_1_26' title='bbox 574 957 699 1036; x_wconf 86' lang='lat' dir='ltr'><strong>lustum,</strong></span> <span class='ocrx_word' id='word_1_27' title='bbox 716 957 888 1038; x_wconf 91' lang='lat' dir='ltr'><strong>episcopum</strong></span> <span class='ocrx_word' id='word_1_28' title='bbox 905 957 1115 1036; x_wconf 85' lang='lat' dir='ltr'><strong>Viennensem,</strong></span> <span class='ocrx_word' id='word_1_29' title='bbox 1132 959 1239 1041; x_wconf 83' lang='lat' dir='ltr'><strong>conjici</strong></span> <span class='ocrx_word' id='word_1_30' title='bbox 1259 966 1354 1041; x_wconf 88' lang='lat' dir='ltr'><strong>potest</strong></span> <span class='ocrx_word' id='word_1_31' title='bbox 1371 960 1409 1045; x_wconf 90' lang='lat'><strong>¹).</strong></span> 
     </span>
    </p>

    <p class='ocr_par' dir='ltr' id='par_1_3' title="bbox 279 1060 1415 1564">
     <span class='ocr_line' id='line_1_5' title="bbox 374 1060 1410 1150; baseline 0.001 -23"><span class='ocrx_word' id='word_1_32' title='bbox 374 1061 481 1127; x_wconf 81' lang='lat' dir='ltr'><strong>Similia</strong></span> <span class='ocrx_word' id='word_1_33' title='bbox 510 1062 540 1124; x_wconf 97' lang='lat' dir='ltr'><strong>in</strong></span> <span class='ocrx_word' id='word_1_34' title='bbox 572 1063 648 1125; x_wconf 88' lang='lat' dir='ltr'><strong>libro</strong></span> <span class='ocrx_word' id='word_1_35' title='bbox 671 1062 832 1125; x_wconf 87' lang='lat' dir='ltr'><strong>Pontifieali</strong></span> <span class='ocrx_word' id='word_1_36' title='bbox 862 1060 1006 1143; x_wconf 87' lang='lat' dir='ltr'><strong>legimus:</strong></span> <span class='ocrx_word' id='word_1_37' title='bbox 1044 1061 1129 1140; x_wconf 76' lang='lat' dir='ltr'><strong>„Sala</strong></span> <span class='ocrx_word' id='word_1_38' title='bbox 1160 1065 1254 1144; x_wconf 76' lang='lat' dir='ltr'><strong>lajas</strong></span> <span class='ocrx_word' id='word_1_39' title='bbox 1285 1061 1346 1147; x_wconf 86' lang='lat' dir='ltr'><strong>(Pii</strong></span> <span class='ocrx_word' id='word_1_40' title='bbox 1367 1062 1410 1150; x_wconf 95' lang='lat' dir='ltr'><strong>l.)</strong></span> 
     </span>
     <span class='ocr_line' id='line_1_6' title="bbox 284 1166 1411 1248; baseline 0.002 -19"><span class='ocrx_word' id='word_1_41' title='bbox 284 1168 467 1248; x_wconf 83' lang='lat' dir='ltr'><strong>episcopata</strong></span> <span class='ocrx_word' id='word_1_42' title='bbox 488 1166 593 1246; x_wconf 79' lang='lat' dir='ltr'><strong>frater·</strong></span> <span class='ocrx_word' id='word_1_43' title='bbox 616 1169 684 1246; x_wconf 83' lang='lat' dir='ltr'><strong>ejas</strong></span> <span class='ocrx_word' id='word_1_44' title='bbox 706 1167 838 1228; x_wconf 88' lang='lat' dir='ltr'><strong>Hermes</strong></span> <span class='ocrx_word' id='word_1_45' title='bbox 862 1166 974 1227; x_wconf 86' lang='lat' dir='ltr'><strong>libram</strong></span> <span class='ocrx_word' id='word_1_46' title='bbox 995 1167 1141 1246; x_wconf 75' lang='lat' dir='ltr'><strong>scripsit,</strong></span> <span class='ocrx_word' id='word_1_47' title='bbox 1173 1170 1206 1229; x_wconf 87' lang='lat' dir='ltr'><strong>in</strong></span> <span class='ocrx_word' id='word_1_48' title='bbox 1237 1187 1299 1248; x_wconf 86' lang='lat' dir='ltr'><strong>qao</strong></span> <span class='ocrx_word' id='word_1_49' title='bbox 1321 1189 1411 1231; x_wconf 91' lang='lat' dir='ltr'><strong>man-</strong></span> 
     </span>
     <span class='ocr_line' id='line_1_7' title="bbox 283 1270 1413 1352; baseline 0.002 -18"><span class='ocrx_word' id='word_1_50' title='bbox 283 1274 391 1334; x_wconf 89' lang='lat' dir='ltr'><strong>datam</strong></span> <span class='ocrx_word' id='word_1_51' title='bbox 418 1273 613 1348; x_wconf 83' lang='lat' dir='ltr'><strong>continetur,</strong></span> <span class='ocrx_word' id='word_1_52' title='bbox 644 1271 729 1352; x_wconf 87' lang='lat' dir='ltr'><strong>qaod</strong></span> <span class='ocrx_word' id='word_1_53' title='bbox 757 1270 786 1331; x_wconf 89' lang='lat' dir='ltr'><strong>ei</strong></span> <span class='ocrx_word' id='word_1_54' title='bbox 814 1272 979 1350; x_wconf 87' lang='lat' dir='ltr'><strong>praecepit</strong></span> <span class='ocrx_word' id='word_1_55' title='bbox 1009 1273 1137 1352; x_wconf 83' lang='lat' dir='ltr'><strong>anpelas</strong></span> <span class='ocrx_word' id='word_1_56' title='bbox 1165 1273 1310 1351; x_wconf 82' lang='lat' dir='ltr'><strong>Domini,</strong></span> <span class='ocrx_word' id='word_1_57' title='bbox 1346 1295 1413 1336; x_wconf 86' lang='lat' dir='ltr'><strong>cam</strong></span> 
     </span>
     <span class='ocr_line' id='line_1_8' title="bbox 279 1375 1415 1454; baseline 0.001 -15"><span class='ocrx_word' id='word_1_58' title='bbox 279 1377 406 1439; x_wconf 81' lang='lat' dir='ltr'><strong>veniret</strong></span> <span class='ocrx_word' id='word_1_59' title='bbox 435 1378 478 1439; x_wconf 94' lang='lat' dir='ltr'><strong>ad</strong></span> <span class='ocrx_word' id='word_1_60' title='bbox 507 1397 574 1439; x_wconf 87' lang='lat' dir='ltr'><strong>eam</strong></span> <span class='ocrx_word' id='word_1_61' title='bbox 604 1376 638 1437; x_wconf 88' lang='lat' dir='ltr'><strong>in</strong></span> <span class='ocrx_word' id='word_1_62' title='bbox 667 1375 775 1437; x_wconf 78' lang='lat' dir='ltr'><strong>tabita</strong></span> <span class='ocrx_word' id='word_1_63' title='bbox 800 1377 961 1454; x_wconf 84' lang='lat' dir='ltr'><strong>pastoris,</strong></span> <span class='ocrx_word' id='word_1_64' title='bbox 996 1382 1032 1437; x_wconf 86' lang='lat' dir='ltr'><strong>nt</strong></span> <span class='ocrx_word' id='word_1_65' title='bbox 1055 1384 1197 1440; x_wconf 87' lang='lat' dir='ltr'><strong>sanctam</strong></span> <span class='ocrx_word' id='word_1_66' title='bbox 1218 1379 1340 1444; x_wconf 77' lang='lat' dir='ltr'><strong>Pascha</strong></span> <span class='ocrx_word' id='word_1_67' title='bbox 1363 1379 1415 1441; x_wconf 91' lang='lat' dir='ltr'><strong>die</strong></span> 
     </span>
     <span class='ocr_line' id='line_1_9' title="bbox 279 1477 1096 1564; baseline -0.007 -20"><span class='ocrx_word' id='word_1_68' title='bbox 279 1482 444 1546; x_wconf 85' lang='lat' dir='ltr'><strong>dominica</strong></span> <span class='ocrx_word' id='word_1_69' title='bbox 465 1480 696 1543; x_wconf 83' lang='lat' dir='ltr'><strong>celebraretar“</strong></span> <span class='ocrx_word' id='word_1_70' title='bbox 715 1477 757 1564; x_wconf 83' lang='lat'><strong>²).</strong></span> <span class='ocrx_word' id='word_1_71' title='bbox 1093 1483 1096 1493; x_wconf 88' lang='grc'><strong>“</strong></span> 
     </span>
    </p>

    <p class='ocr_par' dir='ltr' id='par_1_4' title="bbox 278 1568 1411 1777">
     <span class='ocr_line' id='line_1_10' title="bbox 373 1568 1411 1670; baseline 0 -21"><span class='ocrx_word' id='word_1_72' title='bbox 373 1587 457 1661; x_wconf 82' lang='lat' dir='ltr'>Quae</span> <span class='ocrx_word' id='word_1_73' title='bbox 482 1604 548 1648; x_wconf 90' lang='lat' dir='ltr'><strong>cum</strong></span> <span class='ocrx_word' id='word_1_74' title='bbox 571 1586 609 1647; x_wconf 89' lang='lat' dir='ltr'><strong>ita</strong></span> <span class='ocrx_word' id='word_1_75' title='bbox 632 1568 700 1664; x_wconf 86' lang='lat' dir='ltr'><strong>sint,</strong></span> <span class='ocrx_word' id='word_1_76' title='bbox 723 1584 902 1667; x_wconf 84' lang='lat' dir='ltr'><strong>Fragmenta</strong></span> <span class='ocrx_word' id='word_1_77' title='bbox 927 1586 1128 1650; x_wconf 87' lang='lat' dir='ltr'><strong>Muratoriano</strong></span> <span class='ocrx_word' id='word_1_78' title='bbox 1156 1589 1299 1670; x_wconf 89' lang='lat' dir='ltr'><strong>majorem</strong></span> <span class='ocrx_word' id='word_1_79' title='bbox 1322 1586 1411 1650; x_wconf 88' lang='lat' dir='ltr'><strong>iidem</strong></span> 
     </span>
     <span class='ocr_line' id='line_1_11' title="bbox 278 1689 1410 1777; baseline 0.002 -23"><span class='ocrx_word' id='word_1_80' title='bbox 278 1691 481 1773; x_wconf 79' lang='lat' dir='ltr'>praebeamus</span> <span class='ocrx_word' id='word_1_81' title='bbox 500 1696 626 1772; x_wconf 87' lang='lat' dir='ltr'><strong>oportet,</strong></span> <span class='ocrx_word' id='word_1_82' title='bbox 646 1710 732 1773; x_wconf 90' lang='lat' dir='ltr'><strong>quam</strong></span> <span class='ocrx_word' id='word_1_83' title='bbox 745 1709 845 1753; x_wconf 90' lang='lat' dir='ltr'><strong>merae</strong></span> <span class='ocrx_word' id='word_1_84' title='bbox 858 1689 999 1774; x_wconf 84' lang='lat' dir='ltr'><strong>Origenis</strong></span> <span class='ocrx_word' id='word_1_85' title='bbox 1010 1693 1194 1775; x_wconf 90' lang='lat' dir='ltr'><strong>aliorumque</strong></span> <span class='ocrx_word' id='word_1_86' title='bbox 1206 1696 1410 1777; x_wconf 86' lang='lat' dir='ltr'><strong>conjecturae.</strong></span> 
     </span>
    </p>

    <p class='ocr_par' dir='ltr' id='par_1_5' title="bbox 279 1795 1481 2927">
     <span class='ocr_line' id='line_1_12' title="bbox 371 1795 1411 1879; baseline 0.001 -20"><span class='ocrx_word' id='word_1_87' title='bbox 371 1798 424 1860; x_wconf 91' lang='lat' dir='ltr'><strong>His</strong></span> <span class='ocrx_word' id='word_1_88' title='bbox 447 1796 577 1876; x_wconf 88' lang='lat' dir='ltr'><strong>accedit,</strong></span> <span class='ocrx_word' id='word_1_89' title='bbox 609 1795 688 1877; x_wconf 92' lang='lat' dir='ltr'><strong>quod</strong></span> <span class='ocrx_word' id='word_1_90' title='bbox 713 1796 910 1859; x_wconf 84' lang='lat' dir='ltr'><strong>Tertullianus</strong></span> <span class='ocrx_word' id='word_1_91' title='bbox 934 1796 1111 1861; x_wconf 89' lang='lat' dir='ltr'><strong>Montanista</strong></span> <span class='ocrx_word' id='word_1_92' title='bbox 1140 1818 1201 1862; x_wconf 94' lang='lat' dir='ltr'><strong>non</strong></span> <span class='ocrx_word' id='word_1_93' title='bbox 1226 1799 1321 1861; x_wconf 89' lang='lat' dir='ltr'><strong>solum</strong></span> <span class='ocrx_word' id='word_1_94' title='bbox 1347 1799 1411 1879; x_wconf 88' lang='lat' dir='ltr'><strong>ipsc</strong></span> 
     </span>
     <span class='ocr_line' id='line_1_13' title="bbox 279 1901 1481 1981; baseline 0.002 -17"><span class='ocrx_word' id='word_1_95' title='bbox 279 1901 432 1964; x_wconf 88' lang='lat' dir='ltr'><strong>acerrime</strong></span> <span class='ocrx_word' id='word_1_96' title='bbox 461 1903 568 1964; x_wconf 90' lang='lat' dir='ltr'><strong>librum</strong></span> <span class='ocrx_word' id='word_1_97' title='bbox 599 1901 729 1964; x_wconf 81' lang='lat' dir='ltr'><strong>Pastoris</strong></span> <span class='ocrx_word' id='word_1_98' title='bbox 763 1902 935 1981; x_wconf 77' lang='lat' dir='ltr'><strong>impugnet,</strong></span> <span class='ocrx_word' id='word_1_99' title='bbox 970 1901 1022 1964; x_wconf 90' lang='lat' dir='ltr'><strong>sed</strong></span> <span class='ocrx_word' id='word_1_100' title='bbox 1054 1905 1140 1967; x_wconf 90' lang='lat' dir='ltr'><strong>etiam</strong></span> <span class='ocrx_word' id='word_1_101' title='bbox 1172 1905 1207 1965; x_wconf 91' lang='lat' dir='ltr'><strong>ab</strong></span> <span class='ocrx_word' id='word_1_102' title='bbox 1241 1903 1411 1966; x_wconf 84' lang='lat' dir='ltr'><strong>orthodoxa</strong></span> <span class='ocrx_word' id='word_1_103' title='bbox 1475 1966 1481 1976; x_wconf 75' lang='grc'><em>,</em></span> 
     </span>
     <span class='ocr_line' id='line_1_14' title="bbox 281 2001 1412 2088; baseline 0.003 -20"><span class='ocrx_word' id='word_1_104' title='bbox 281 2007 416 2068; x_wconf 89' lang='lat' dir='ltr'><strong>ecclesia</strong></span> <span class='ocrx_word' id='word_1_105' title='bbox 440 2025 506 2069; x_wconf 91' lang='lat' dir='ltr'><strong>eum</strong></span> <span class='ocrx_word' id='word_1_106' title='bbox 529 2001 673 2088; x_wconf 78' lang='lat' dir='ltr'><strong>&#39;reJectum</strong></span> <span class='ocrx_word' id='word_1_107' title='bbox 695 2022 764 2066; x_wconf 88' lang='lat' dir='ltr'><strong>esse</strong></span> <span class='ocrx_word' id='word_1_108' title='bbox 784 2002 963 2065; x_wconf 89' lang='lat' dir='ltr'><strong>contendat:</strong></span> <span class='ocrx_word' id='word_1_109' title='bbox 991 2005 1150 2081; x_wconf 87' lang='lat' dir='ltr'><strong>„Secunda</strong></span> <span class='ocrx_word' id='word_1_110' title='bbox 1173 2017 1201 2069; x_wconf 87' lang='lat' dir='ltr'><strong>te</strong></span> <span class='ocrx_word' id='word_1_111' title='bbox 1219 2010 1412 2087; x_wconf 83' lang='lat' dir='ltr'><strong>poenitentia</strong></span> 
     </span>
     <span class='ocr_line' id='line_1_15' title="bbox 280 2106 1410 2193; baseline 0 -20"><span class='ocrx_word' id='word_1_112' title='bbox 280 2111 446 2188; x_wconf 60' lang='lat' dir='ltr'><strong>excipi-en</strong></span> <span class='ocrx_word' id='word_1_113' title='bbox 478 2110 541 2170; x_wconf 85' lang='lat' dir='ltr'><strong>eris</strong></span> <span class='ocrx_word' id='word_1_114' title='bbox 565 2109 676 2169; x_wconf 86' lang='lat' dir='ltr'><strong>iterum</strong></span> <span class='ocrx_word' id='word_1_115' title='bbox 699 2108 737 2169; x_wconf 91' lang='lat' dir='ltr'><strong>de</strong></span> <span class='ocrx_word' id='word_1_116' title='bbox 755 2107 882 2169; x_wconf 80' lang='lat' dir='ltr'><strong>moecha</strong></span> <span class='ocrx_word' id='word_1_117' title='bbox 908 2106 1113 2172; x_wconf 78' lang='lat' dir='ltr'><strong>Christianus.</strong></span> <span class='ocrx_word' id='word_1_118' title='bbox 1158 2113 1244 2174; x_wconf 82' lang='lat' dir='ltr'><strong>llaec</strong></span> <span class='ocrx_word' id='word_1_119' title='bbox 1270 2123 1302 2175; x_wconf 81' lang='lat' dir='ltr'><strong>ta</strong></span> <span class='ocrx_word' id='word_1_120' title='bbox 1324 2114 1410 2193; x_wconf 85' lang='lat' dir='ltr'><strong>milri,</strong></span> 
     </span>
     <span class='ocr_line' id='line_1_16' title="bbox 283 2202 1414 2296; baseline 0.002 -18"><span class='ocrx_word' id='word_1_121' title='bbox 283 2202 511 2295; x_wconf 81' lang='lat' dir='ltr'><strong>beaipaissime</strong></span> <span class='ocrx_word' id='word_1_122' title='bbox 533 2214 593 2276; x_wconf 87' lang='lat' dir='ltr'><strong>Dei</strong></span> <span class='ocrx_word' id='word_1_123' title='bbox 616 2214 792 2291; x_wconf 76' lang='lat' dir='ltr'><strong>interpres!</strong></span> <span class='ocrx_word' id='word_1_124' title='bbox 831 2213 897 2275; x_wconf 83' lang='lat' dir='ltr'><strong>Sed</strong></span> <span class='ocrx_word' id='word_1_125' title='bbox 920 2214 1077 2275; x_wconf 83' lang='lat' dir='ltr'><strong><em>crederem</em></strong></span> <span class='ocrx_word' id='word_1_126' title='bbox 1101 2213 1173 2291; x_wconf 85' lang='lat' dir='ltr'><strong>tibi,</strong></span> <span class='ocrx_word' id='word_1_127' title='bbox 1203 2218 1232 2277; x_wconf 87' lang='lat' dir='ltr'><strong>si</strong></span> <span class='ocrx_word' id='word_1_128' title='bbox 1254 2219 1414 2296; x_wconf 83' lang='lat' dir='ltr'><strong>scriptura</strong></span> 
     </span>
     <span class='ocr_line' id='line_1_17' title="bbox 281 2319 1416 2398; baseline 0 -16"><span class='ocrx_word' id='word_1_129' title='bbox 281 2319 446 2395; x_wconf 84' lang='lat' dir='ltr'><strong>Pastoris,</strong></span> <span class='ocrx_word' id='word_1_130' title='bbox 464 2337 545 2398; x_wconf 83' lang='lat' dir='ltr'><strong>qnae</strong></span> <span class='ocrx_word' id='word_1_131' title='bbox 559 2319 631 2382; x_wconf 88' lang='lat' dir='ltr'><strong>sola</strong></span> <span class='ocrx_word' id='word_1_132' title='bbox 645 2320 787 2382; x_wconf 78' lang='lat' dir='ltr'><strong>moechos</strong></span> <span class='ocrx_word' id='word_1_133' title='bbox 803 2325 896 2396; x_wconf 90' lang='lat' dir='ltr'><strong>amat,</strong></span> <span class='ocrx_word' id='word_1_134' title='bbox 913 2319 1022 2381; x_wconf 84' lang='lat' dir='ltr'><strong>dioino</strong></span> <span class='ocrx_word' id='word_1_135' title='bbox 1038 2320 1242 2382; x_wconf 84' lang='lat' dir='ltr'><strong>instrumento</strong></span> <span class='ocrx_word' id='word_1_136' title='bbox 1253 2323 1416 2382; x_wconf 87' lang='lat' dir='ltr'><strong>meruisset</strong></span> 
     </span>
     <span class='ocr_line' id='line_1_18' title="bbox 283 2413 1414 2501; baseline 0 -15"><span class='ocrx_word' id='word_1_137' title='bbox 283 2424 390 2487; x_wconf 85' lang='lat' dir='ltr'><strong>incidi</strong></span> <span class='ocrx_word' id='word_1_138' title='bbox 399 2445 410 2496; x_wconf 89' lang='lat'><strong><em>;</em></strong></span> <span class='ocrx_word' id='word_1_139' title='bbox 433 2425 462 2486; x_wconf 87' lang='lat' dir='ltr'><strong>si</strong></span> <span class='ocrx_word' id='word_1_140' title='bbox 484 2443 547 2487; x_wconf 88' lang='lat' dir='ltr'><strong>aon</strong></span> <span class='ocrx_word' id='word_1_141' title='bbox 558 2413 560 2417; x_wconf 37' lang='lat'><strong><em>¹</em></strong></span> <span class='ocrx_word' id='word_1_142' title='bbox 571 2424 610 2486; x_wconf 85' lang='lat' dir='ltr'><strong>ab</strong></span> <span class='ocrx_word' id='word_1_143' title='bbox 631 2425 714 2487; x_wconf 88' lang='lat' dir='ltr'><strong>amai</strong></span> <span class='ocrx_word' id='word_1_144' title='bbox 731 2425 866 2490; x_wconf 84' lang='lat' dir='ltr'><strong>concilio</strong></span> <span class='ocrx_word' id='word_1_145' title='bbox 883 2423 1096 2500; x_wconf 86' lang='lat' dir='ltr'><strong>ecclesiaram,</strong></span> <span class='ocrx_word' id='word_1_146' title='bbox 1121 2425 1214 2485; x_wconf 86' lang='lat' dir='ltr'><strong>etiam</strong></span> <span class='ocrx_word' id='word_1_147' title='bbox 1229 2433 1414 2501; x_wconf 79' lang='lat' dir='ltr'><strong>aestrorum,</strong></span> 
     </span>
     <span class='ocr_line' id='line_1_19' title="bbox 284 2528 1415 2615; baseline 0.002 -26"><span class='ocrx_word' id='word_1_148' title='bbox 284 2530 369 2591; x_wconf 86' lang='lat' dir='ltr'><strong>inter</strong></span> <span class='ocrx_word' id='word_1_149' title='bbox 392 2531 626 2615; x_wconf 79' lang='lat' dir='ltr'><strong>apacrpplraet</strong></span> <span class='ocrx_word' id='word_1_150' title='bbox 638 2528 729 2606; x_wconf 79' lang='lat' dir='ltr'><strong>falsa</strong></span> <span class='ocrx_word' id='word_1_151' title='bbox 738 2530 941 2608; x_wconf 81' lang='lat' dir='ltr'><strong>judicaretur</strong></span> <span class='ocrx_word' id='word_1_152' title='bbox 950 2549 962 2603; x_wconf 91' lang='lat'><strong>,·</strong></span> <span class='ocrx_word' id='word_1_153' title='bbox 985 2531 1131 2592; x_wconf 83' lang='lat' dir='ltr'><strong>adultera</strong></span> <span class='ocrx_word' id='word_1_154' title='bbox 1146 2530 1272 2609; x_wconf 84' lang='lat' dir='ltr'><strong>etipsa,</strong></span> <span class='ocrx_word' id='word_1_155' title='bbox 1296 2537 1326 2591; x_wconf 87' lang='lat' dir='ltr'><strong>et</strong></span> <span class='ocrx_word' id='word_1_156' title='bbox 1344 2530 1415 2591; x_wconf 83' lang='lat' dir='ltr'><strong>inde</strong></span> 
     </span>
     <span class='ocr_line' id='line_1_20' title="bbox 282 2630 1417 2717; baseline -0.002 -20"><span class='ocrx_word' id='word_1_157' title='bbox 282 2642 426 2714; x_wconf 84' lang='lat' dir='ltr'><strong>patrona</strong></span> <span class='ocrx_word' id='word_1_158' title='bbox 449 2634 627 2698; x_wconf 84' lang='lat' dir='ltr'><strong>socioi·am“</strong></span> <span class='ocrx_word' id='word_1_159' title='bbox 643 2630 684 2717; x_wconf 82' lang='lat'><strong>³).</strong></span> <span class='ocrx_word' id='word_1_160' title='bbox 721 2634 758 2696; x_wconf 91' lang='lat' dir='ltr'><strong>Et</strong></span> <span class='ocrx_word' id='word_1_161' title='bbox 772 2635 830 2698; x_wconf 91' lang='lat' dir='ltr'><strong>alio</strong></span> <span class='ocrx_word' id='word_1_162' title='bbox 847 2634 931 2697; x_wconf 90' lang='lat' dir='ltr'><strong>loco:</strong></span> <span class='ocrx_word' id='word_1_163' title='bbox 958 2634 1018 2713; x_wconf 78' lang='lat' dir='ltr'><strong>,Ea</strong></span> <span class='ocrx_word' id='word_1_164' title='bbox 1037 2637 1142 2716; x_wconf 82' lang='lat' dir='ltr'><strong>atique</strong></span> <span class='ocrx_word' id='word_1_165' title='bbox 1158 2636 1316 2713; x_wconf 79' lang='lat' dir='ltr'><strong>receptior</strong></span> <span class='ocrx_word' id='word_1_166' title='bbox 1333 2634 1417 2714; x_wconf 85' lang='lat' dir='ltr'><strong>apud</strong></span> 
     </span>
     <span class='ocr_line' id='line_1_21' title="bbox 287 2736 1453 2822; baseline 0 -20"><span class='ocrx_word' id='word_1_167' title='bbox 287 2740 442 2802; x_wconf 86' lang='lat' dir='ltr'><strong>eeclesias</strong></span> <span class='ocrx_word' id='word_1_168' title='bbox 465 2740 608 2818; x_wconf 75' lang='lat' dir='ltr'><strong>Epistola</strong></span> <span class='ocrx_word' id='word_1_169' title='bbox 630 2738 797 2802; x_wconf 84' lang='lat' dir='ltr'><strong>Barnabae</strong></span> <span class='ocrx_word' id='word_1_170' title='bbox 828 2737 866 2822; x_wconf 85' lang='lat' dir='ltr'><strong>(i.</strong></span> <span class='ocrx_word' id='word_1_171' title='bbox 891 2756 917 2799; x_wconf 92' lang='lat' dir='ltr'><strong>e.</strong></span> <span class='ocrx_word' id='word_1_172' title='bbox 941 2740 1067 2820; x_wconf 89' lang='lat' dir='ltr'><strong>epistola</strong></span> <span class='ocrx_word' id='word_1_173' title='bbox 1095 2740 1132 2803; x_wconf 88' lang='lat' dir='ltr'><strong>ad</strong></span> <span class='ocrx_word' id='word_1_174' title='bbox 1154 2736 1330 2822; x_wconf 86' lang='lat' dir='ltr'><strong>Hebraeos)</strong></span> <span class='ocrx_word' id='word_1_175' title='bbox 1359 2740 1415 2802; x_wconf 90' lang='lat' dir='ltr'><strong>itta</strong></span> <span class='ocrx_word' id='word_1_176' title='bbox 1451 2811 1453 2814; x_wconf 18' lang='lat'>¹</span> 
     </span>
     <span class='ocr_line' id='line_1_22' title="bbox 287 2841 1114 2927; baseline -0.002 -21"><span class='ocrx_word' id='word_1_177' title='bbox 287 2845 469 2925; x_wconf 71' lang='lat' dir='ltr'><strong>apocrypha</strong></span> <span class='ocrx_word' id='word_1_178' title='bbox 495 2846 625 2907; x_wconf 88' lang='lat' dir='ltr'><strong>Pastore</strong></span> <span class='ocrx_word' id='word_1_179' title='bbox 647 2846 861 2908; x_wconf 77' lang='lat' dir='ltr'><strong>moechoram“</strong></span> <span class='ocrx_word' id='word_1_180' title='bbox 879 2841 921 2927; x_wconf 81' lang='lat'><strong>⁴).</strong></span> <span class='ocrx_word' id='word_1_181' title='bbox 996 2877 998 2879; x_wconf 94' lang='lat'>·</span> <span class='ocrx_word' id='word_1_182' title='bbox 1112 2855 1114 2859; x_wconf 84' lang='grc'><strong><em>·</em></strong></span> 
     </span>
    </p>

    <p class='ocr_par' dir='ltr' id='par_1_6' title="bbox 287 2949 1458 3450">
     <span class='ocr_line' id='line_1_23' title="bbox 377 2949 1415 3030; baseline 0.003 -21"><span class='ocrx_word' id='word_1_183' title='bbox 377 2949 444 3010; x_wconf 91' lang='lat' dir='ltr'><strong>Nan</strong></span> <span class='ocrx_word' id='word_1_184' title='bbox 468 2949 572 3030; x_wconf 87' lang='lat' dir='ltr'><strong>majori</strong></span> <span class='ocrx_word' id='word_1_185' title='bbox 595 2951 764 3013; x_wconf 84' lang='lat' dir='ltr'><strong>reverentia</strong></span> <span class='ocrx_word' id='word_1_186' title='bbox 781 2949 988 3029; x_wconf 72' lang='lat' dir='ltr'><strong>Hieronymus</strong></span> <span class='ocrx_word' id='word_1_187' title='bbox 1002 2949 1043 3011; x_wconf 89' lang='lat' dir='ltr'><strong>de</strong></span> <span class='ocrx_word' id='word_1_188' title='bbox 1058 2950 1135 3012; x_wconf 89' lang='lat' dir='ltr'><strong>libro</strong></span> <span class='ocrx_word' id='word_1_189' title='bbox 1151 2949 1281 3012; x_wconf 83' lang='lat' dir='ltr'><strong>Pastoris</strong></span> <span class='ocrx_word' id='word_1_190' title='bbox 1297 2950 1415 3012; x_wconf 89' lang='lat' dir='ltr'><strong>locutus</strong></span> 
     </span>
     <span class='ocr_line' id='line_1_24' title="bbox 287 3046 1414 3136; baseline -0.002 -18"><span class='ocrx_word' id='word_1_191' title='bbox 287 3061 346 3117; x_wconf 89' lang='lat' dir='ltr'><strong>est.</strong></span> <span class='ocrx_word' id='word_1_192' title='bbox 395 3053 464 3131; x_wconf 86' lang='lat' dir='ltr'><strong>„Ea</strong></span> <span class='ocrx_word' id='word_1_193' title='bbox 486 3062 564 3133; x_wconf 86' lang='lat' dir='ltr'><strong>pao,</strong></span> <span class='ocrx_word' id='word_1_194' title='bbox 595 3046 705 3136; x_wconf 81' lang='lat' dir='ltr'><strong>inquit,</strong></span> <span class='ocrx_word' id='word_1_195' title='bbox 735 3054 815 3116; x_wconf 81' lang='lat' dir='ltr'><strong>liber</strong></span> <span class='ocrx_word' id='word_1_196' title='bbox 845 3055 899 3115; x_wconf 86' lang='lat' dir='ltr'><strong>ille</strong></span> <span class='ocrx_word' id='word_1_197' title='bbox 929 3056 1129 3135; x_wconf 75' lang='lat' dir='ltr'><strong>apocryphas</strong></span> <span class='ocrx_word' id='word_1_198' title='bbox 1157 3054 1309 3117; x_wconf 84' lang='lat' dir='ltr'><strong>stultitiae</strong></span> <span class='ocrx_word' id='word_1_199' title='bbox 1336 3073 1414 3116; x_wconf 85' lang='lat' dir='ltr'><strong>ron-</strong></span> 
     </span>
     <span class='ocr_line' id='line_1_25' title="bbox 288 3158 1412 3242; baseline -0.001 -21"><span class='ocrx_word' id='word_1_200' title='bbox 288 3158 485 3232; x_wconf 87' lang='lat' dir='ltr'><strong>demaaadas</strong></span> <span class='ocrx_word' id='word_1_201' title='bbox 519 3166 582 3236; x_wconf 83' lang='lat' dir='ltr'><strong>est,</strong></span> <span class='ocrx_word' id='word_1_202' title='bbox 617 3160 651 3221; x_wconf 90' lang='lat' dir='ltr'><strong>in</strong></span> <span class='ocrx_word' id='word_1_203' title='bbox 684 3179 745 3240; x_wconf 85' lang='lat' dir='ltr'><strong>qao</strong></span> <span class='ocrx_word' id='word_1_204' title='bbox 780 3160 928 3238; x_wconf 78' lang='lat' dir='ltr'><strong>scriptam</strong></span> <span class='ocrx_word' id='word_1_205' title='bbox 963 3168 1027 3237; x_wconf 90' lang='lat' dir='ltr'><strong>est,</strong></span> <span class='ocrx_word' id='word_1_206' title='bbox 1066 3161 1228 3240; x_wconf 75' lang='lat' dir='ltr'><strong>pacandam</strong></span> <span class='ocrx_word' id='word_1_207' title='bbox 1260 3162 1412 3242; x_wconf 81' lang='lat' dir='ltr'><strong>anpelum,</strong></span> 
     </span>
     <span class='ocr_line' id='line_1_26' title="bbox 287 3256 1458 3350; baseline -0.001 -23"><span class='ocrx_word' id='word_1_208' title='bbox 287 3266 414 3327; x_wconf 87' lang='lat' dir='ltr'><strong>aandne</strong></span> <span class='ocrx_word' id='word_1_209' title='bbox 447 3264 539 3344; x_wconf 77' lang='lat' dir='ltr'><strong>Tyri,</strong></span> <span class='ocrx_word' id='word_1_210' title='bbox 570 3284 717 3344; x_wconf 87' lang='lat' dir='ltr'><strong>praeesse</strong></span> <span class='ocrx_word' id='word_1_211' title='bbox 750 3261 934 3345; x_wconf 83' lang='lat' dir='ltr'><strong>reptilibas“</strong></span> <span class='ocrx_word' id='word_1_212' title='bbox 954 3256 994 3343; x_wconf 84' lang='lat'><strong>⁵).</strong></span> <span class='ocrx_word' id='word_1_213' title='bbox 1038 3261 1249 3350; x_wconf 79' lang='lat' dir='ltr'><strong>Hieronymum</strong></span> <span class='ocrx_word' id='word_1_214' title='bbox 1284 3266 1411 3327; x_wconf 89' lang='lat' dir='ltr'><strong>Hermae</strong></span> <span class='ocrx_word' id='word_1_215' title='bbox 1453 3261 1458 3273; x_wconf 89' lang='lat'>&#39;</span> 
     </span>
     <span class='ocr_line' id='line_1_27' title="bbox 287 3367 1136 3450; baseline 0 -18"><span class='ocrx_word' id='word_1_216' title='bbox 287 3371 442 3432; x_wconf 89' lang='lat' dir='ltr'><strong>Pastorem</strong></span> <span class='ocrx_word' id='word_1_217' title='bbox 465 3368 524 3429; x_wconf 90' lang='lat' dir='ltr'><strong>Vis.</strong></span> <span class='ocrx_word' id='word_1_218' title='bbox 547 3367 594 3446; x_wconf 86' lang='lat' dir='ltr'><strong>lll,</strong></span> <span class='ocrx_word' id='word_1_219' title='bbox 619 3369 647 3432; x_wconf 80' lang='lat'><strong>2.</strong></span> <span class='ocrx_word' id='word_1_220' title='bbox 670 3371 843 3450; x_wconf 86' lang='lat' dir='ltr'><strong>respexisse</strong></span> <span class='ocrx_word' id='word_1_221' title='bbox 866 3370 918 3431; x_wconf 87' lang='lat' dir='ltr'><strong>vix</strong></span> <span class='ocrx_word' id='word_1_222' title='bbox 941 3368 1061 3445; x_wconf 90' lang='lat' dir='ltr'><strong>dubium</strong></span> <span class='ocrx_word' id='word_1_223' title='bbox 1082 3376 1136 3433; x_wconf 91' lang='lat' dir='ltr'><strong>est.</strong></span> 
     </span>
    </p>

    <p class='ocr_par' dir='ltr' id='par_1_7' title="bbox 289 3474 1449 3767">
     <span class='ocr_line' id='line_1_28' title="bbox 379 3474 1413 3556; baseline -0.001 -21"><span class='ocrx_word' id='word_1_224' title='bbox 379 3474 496 3535; x_wconf 89' lang='lat' dir='ltr'><strong>lnterna</strong></span> <span class='ocrx_word' id='word_1_225' title='bbox 519 3491 638 3554; x_wconf 89' lang='lat' dir='ltr'><strong>quoque</strong></span> <span class='ocrx_word' id='word_1_226' title='bbox 661 3475 766 3538; x_wconf 87' lang='lat' dir='ltr'><strong>indicia</strong></span> <span class='ocrx_word' id='word_1_227' title='bbox 788 3476 917 3536; x_wconf 86' lang='lat' dir='ltr'><strong>Hermae</strong></span> <span class='ocrx_word' id='word_1_228' title='bbox 946 3475 1110 3556; x_wconf 89' lang='lat' dir='ltr'><strong>apostolico</strong></span> <span class='ocrx_word' id='word_1_229' title='bbox 1140 3475 1246 3536; x_wconf 85' lang='lat' dir='ltr'><strong>librum</strong></span> <span class='ocrx_word' id='word_1_230' title='bbox 1279 3479 1413 3535; x_wconf 89' lang='lat' dir='ltr'><strong>nostram</strong></span> 
     </span>
     <span class='ocr_line' id='line_1_29' title="bbox 289 3576 1449 3663; baseline -0.002 -22"><span class='ocrx_word' id='word_1_231' title='bbox 289 3576 517 3661; x_wconf 90' lang='lat' dir='ltr'><strong>abjudicandum</strong></span> <span class='ocrx_word' id='word_1_232' title='bbox 540 3579 738 3658; x_wconf 89' lang='lat' dir='ltr'><strong>suadent‚.nt</strong></span> <span class='ocrx_word' id='word_1_233' title='bbox 760 3588 843 3643; x_wconf 88' lang='lat' dir='ltr'><strong>recte</strong></span> <span class='ocrx_word' id='word_1_234' title='bbox 869 3582 1017 3649; x_wconf 73' lang='lat' dir='ltr'><strong>Grataias</strong></span> <span class='ocrx_word' id='word_1_235' title='bbox 1040 3576 1250 3663; x_wconf 69' lang='lat' dir='ltr'><strong>contendat).</strong></span> <span class='ocrx_word' id='word_1_236' title='bbox 1299 3579 1413 3657; x_wconf 85' lang='lat' dir='ltr'><strong>„Con·</strong></span> <span class='ocrx_word' id='word_1_237' title='bbox 1447 3627 1449 3630; x_wconf 87' lang='lat'><strong>.</strong></span> 
     </span>
     <span class='ocr_line' id='line_1_30' title="bbox 291 3663 1412 3767; baseline -0.001 -21"><span class='ocrx_word' id='word_1_238' title='bbox 291 3684 390 3746; x_wconf 90' lang='lat' dir='ltr'><strong>silium</strong></span> <span class='ocrx_word' id='word_1_239' title='bbox 413 3684 562 3763; x_wconf 81' lang='lat' dir='ltr'><strong>nempe‚“</strong></span> <span class='ocrx_word' id='word_1_240' title='bbox 588 3663 698 3764; x_wconf 72' lang='lat' dir='ltr'><strong>induit,</strong></span> <span class='ocrx_word' id='word_1_241' title='bbox 723 3704 813 3766; x_wconf 71' lang='lat' dir='ltr'><strong>„quo</strong></span> <span class='ocrx_word' id='word_1_242' title='bbox 841 3692 933 3749; x_wconf 91' lang='lat' dir='ltr'><strong>totum</strong></span> <span class='ocrx_word' id='word_1_243' title='bbox 956 3686 1014 3748; x_wconf 89' lang='lat' dir='ltr'><strong>hoo</strong></span> <span class='ocrx_word' id='word_1_244' title='bbox 1038 3703 1112 3766; x_wconf 92' lang='lat' dir='ltr'><strong>opus</strong></span> <span class='ocrx_word' id='word_1_245' title='bbox 1136 3671 1185 3747; x_wconf 86' lang='lat' dir='ltr'><strong>est¹</strong></span> <span class='ocrx_word' id='word_1_246' title='bbox 1204 3687 1412 3767; x_wconf 86' lang='lat' dir='ltr'><strong>conscriptum,</strong></span> 
     </span>
    </p>
   </div>
   <div class='ocr_carea' id='block_1_3' title="bbox 249 3807 1416 4505">
    <p class='ocr_par' dir='ltr' id='par_1_8' title="bbox 327 3807 1415 3893">
     <span class='ocr_line' id='line_1_31' title="bbox 327 3807 1415 3893; baseline 0 -22"><span class='ocrx_word' id='word_1_247' title='bbox 327 3821 355 3886; x_wconf 87' lang='lat'><strong>1)</strong></span> <span class='ocrx_word' id='word_1_248' title='bbox 375 3823 517 3890; x_wconf 80' lang='lat' dir='ltr'><strong>Presbyter</strong></span> <span class='ocrx_word' id='word_1_249' title='bbox 530 3826 629 3877; x_wconf 86' lang='lat' dir='ltr'><strong>Pastor</strong></span> <span class='ocrx_word' id='word_1_250' title='bbox 646 3807 752 3876; x_wconf 86' lang='lat' dir='ltr'><strong>titulum</strong></span> <span class='ocrx_word' id='word_1_251' title='bbox 772 3841 839 3876; x_wconf 86' lang='lat' dir='ltr'><strong>can·</strong></span> <span class='ocrx_word' id='word_1_252' title='bbox 901 3815 931 3893; x_wconf 80' lang='lat'><strong>2)</strong></span> <span class='ocrx_word' id='word_1_253' title='bbox 951 3821 1025 3890; x_wconf 78' lang='lat' dir='ltr'><strong>Apud</strong></span> <span class='ocrx_word' id='word_1_254' title='bbox 1045 3826 1141 3875; x_wconf 78' lang='lat' dir='ltr'><strong>Buram</strong></span> <span class='ocrx_word' id='word_1_255' title='bbox 1160 3823 1191 3874; x_wconf 91' lang='lat' dir='ltr'><strong>ad</strong></span> <span class='ocrx_word' id='word_1_256' title='bbox 1210 3839 1267 3874; x_wconf 88' lang='lat' dir='ltr'><strong>aon.</strong></span> <span class='ocrx_word' id='word_1_257' title='bbox 1283 3822 1339 3872; x_wconf 85' lang='lat'><strong>159.</strong></span> <span class='ocrx_word' id='word_1_258' title='bbox 1360 3820 1415 3872; x_wconf 81' lang='lat' dir='ltr'><strong>n.4</strong></span> 
     </span>
    </p>

    <p class='ocr_par' dir='ltr' id='par_1_9' title="bbox 289 3908 1416 4325">
     <span class='ocr_line' id='line_1_32' title="bbox 289 3908 1241 3977; baseline -0.001 -15"><span class='ocrx_word' id='word_1_259' title='bbox 289 3911 370 3975; x_wconf 85' lang='lat' dir='ltr'><strong>didit,</strong></span> <span class='ocrx_word' id='word_1_260' title='bbox 410 3917 434 3960; x_wconf 82' lang='lat' dir='ltr'><strong>cl</strong></span> <span class='ocrx_word' id='word_1_261' title='bbox 462 3911 538 3977; x_wconf 75' lang='lat' dir='ltr'><strong>dipna</strong></span> <span class='ocrx_word' id='word_1_262' title='bbox 567 3913 596 3962; x_wconf 87' lang='lat' dir='ltr'><strong>in</strong></span> <span class='ocrx_word' id='word_1_263' title='bbox 628 3913 739 3962; x_wconf 84' lang='lat' dir='ltr'><strong>Domino</strong></span> <span class='ocrx_word' id='word_1_264' title='bbox 769 3915 839 3964; x_wconf 82' lang='lat' dir='ltr'><strong>obiit.</strong></span> <span class='ocrx_word' id='word_1_265' title='bbox 868 3919 893 3962; x_wconf 89' lang='lat' dir='ltr'><strong>et</strong></span> <span class='ocrx_word' id='word_1_266' title='bbox 911 3911 974 3962; x_wconf 88' lang='lat' dir='ltr'><strong>inira</strong></span> <span class='ocrx_word' id='word_1_267' title='bbox 991 3927 1015 3976; x_wconf 88' lang='lat' dir='ltr'><strong>p.</strong></span> <span class='ocrx_word' id='word_1_268' title='bbox 1035 3908 1144 3961; x_wconf 86' lang='lat' dir='ltr'><strong>XCVlll.</strong></span> <span class='ocrx_word' id='word_1_269' title='bbox 1164 3910 1199 3961; x_wconf 89' lang='lat' dir='ltr'><strong>lit.</strong></span> <span class='ocrx_word' id='word_1_270' title='bbox 1219 3925 1241 3962; x_wconf 86' lang='lat' dir='ltr'><strong>e.</strong></span> 
     </span>
     <span class='ocr_line' id='line_1_33' title="bbox 289 3994 1331 4064; baseline -0.001 -18"><span class='ocrx_word' id='word_1_271' title='bbox 289 3994 365 4062; x_wconf 79' lang='lat' dir='ltr'><strong>Apud</strong></span> <span class='ocrx_word' id='word_1_272' title='bbox 387 3998 504 4048; x_wconf 77' lang='lat' dir='ltr'><strong>Gatlcnd.</strong></span> <span class='ocrx_word' id='word_1_273' title='bbox 523 3995 551 4046; x_wconf 89' lang='grc' dir='ltr'><strong>Τ.</strong></span> <span class='ocrx_word' id='word_1_274' title='bbox 572 3996 590 4046; x_wconf 90' lang='lat' dir='ltr'><strong>l.</strong></span> <span class='ocrx_word' id='word_1_275' title='bbox 610 4015 634 4064; x_wconf 89' lang='lat' dir='ltr'><strong>p.</strong></span> <span class='ocrx_word' id='word_1_276' title='bbox 650 3997 708 4048; x_wconf 76' lang='lat'><strong>672.</strong></span> <span class='ocrx_word' id='word_1_277' title='bbox 741 4003 839 4051; x_wconf 83' lang='lat' dir='ltr'><strong>Barna.</strong></span> <span class='ocrx_word' id='word_1_278' title='bbox 903 3999 931 4061; x_wconf 90' lang='grc'><strong>3)</strong></span> <span class='ocrx_word' id='word_1_279' title='bbox 951 3997 1052 4049; x_wconf 85' lang='lat' dir='ltr'><strong>Tertull.</strong></span> <span class='ocrx_word' id='word_1_280' title='bbox 1072 3996 1103 4046; x_wconf 88' lang='lat' dir='ltr'><strong>de</strong></span> <span class='ocrx_word' id='word_1_281' title='bbox 1123 3996 1227 4062; x_wconf 86' lang='lat' dir='ltr'><strong>pudicit.</strong></span> <span class='ocrx_word' id='word_1_282' title='bbox 1247 4014 1269 4047; x_wconf 92' lang='lat' dir='ltr'><strong>c.</strong></span> <span class='ocrx_word' id='word_1_283' title='bbox 1290 3998 1331 4046; x_wconf 88' lang='grc'><strong>10.</strong></span> 
     </span>
     <span class='ocr_line' id='line_1_34' title="bbox 290 4081 1320 4151; baseline -0.001 -19"><span class='ocrx_word' id='word_1_284' title='bbox 290 4082 322 4132; x_wconf 92' lang='lat' dir='ltr'><strong>ad</strong></span> <span class='ocrx_word' id='word_1_285' title='bbox 340 4094 397 4134; x_wconf 86' lang='lat' dir='ltr'><strong>anu&#39;.</strong></span> <span class='ocrx_word' id='word_1_286' title='bbox 415 4081 470 4133; x_wconf 83' lang='lat'><strong>166.</strong></span> <span class='ocrx_word' id='word_1_287' title='bbox 490 4083 788 4151; x_wconf 86' lang='lat' dir='ltr'><strong>n.3.—EpistolasPii</strong></span> <span class='ocrx_word' id='word_1_288' title='bbox 808 4085 839 4134; x_wconf 92' lang='lat' dir='ltr'><strong>ad</strong></span> <span class='ocrx_word' id='word_1_289' title='bbox 901 4085 930 4148; x_wconf 80' lang='grc'><strong>4)</strong></span> <span class='ocrx_word' id='word_1_290' title='bbox 950 4082 976 4135; x_wconf 90' lang='lat' dir='ltr'><strong>L.</strong></span> <span class='ocrx_word' id='word_1_291' title='bbox 996 4100 1019 4135; x_wconf 86' lang='lat' dir='ltr'><strong>c.</strong></span> <span class='ocrx_word' id='word_1_292' title='bbox 1038 4082 1120 4134; x_wconf 70' lang='lat' dir='ltr'><strong>aaa.</strong></span> <span class='ocrx_word' id='word_1_293' title='bbox 1317 4101 1320 4106; x_wconf 92' lang='lat'>·</span> 
     </span>
     <span class='ocr_line' id='line_1_35' title="bbox 289 4163 1416 4237; baseline -0.005 -17"><span class='ocrx_word' id='word_1_294' title='bbox 289 4167 389 4220; x_wconf 83' lang='lat' dir='ltr'><strong>Just-um</strong></span> <span class='ocrx_word' id='word_1_295' title='bbox 417 4169 510 4234; x_wconf 79' lang='lat' dir='ltr'><strong>episa,</strong></span> <span class='ocrx_word' id='word_1_296' title='bbox 541 4171 654 4237; x_wconf 87' lang='lat' dir='ltr'><strong>quamvis</strong></span> <span class='ocrx_word' id='word_1_297' title='bbox 684 4186 734 4220; x_wconf 92' lang='lat' dir='ltr'><strong>non</strong></span> <span class='ocrx_word' id='word_1_298' title='bbox 764 4174 841 4237; x_wconf 79' lang='lat' dir='ltr'><strong>ptine</strong></span> <span class='ocrx_word' id='word_1_299' title='bbox 903 4171 931 4234; x_wconf 86' lang='grc'><strong>5)</strong></span> <span class='ocrx_word' id='word_1_300' title='bbox 950 4170 1053 4221; x_wconf 86' lang='lat' dir='ltr'><strong>llieron.</strong></span> <span class='ocrx_word' id='word_1_301' title='bbox 1079 4168 1122 4220; x_wconf 93' lang='lat' dir='ltr'><strong>lib.</strong></span> <span class='ocrx_word' id='word_1_302' title='bbox 1148 4170 1158 4220; x_wconf 98' lang='lat' dir='ltr'><strong>l</strong></span> <span class='ocrx_word' id='word_1_303' title='bbox 1183 4172 1207 4221; x_wconf 91' lang='lat' dir='ltr'><strong>in</strong></span> <span class='ocrx_word' id='word_1_304' title='bbox 1232 4169 1358 4220; x_wconf 87' lang='lat' dir='ltr'><strong>llabacua.</strong></span> <span class='ocrx_word' id='word_1_305' title='bbox 1384 4163 1416 4214; x_wconf 90' lang='lat' dir='ltr'><strong>ad</strong></span> 
     </span>
     <span class='ocr_line' id='line_1_36' title="bbox 290 4247 998 4325; baseline 0.003 -19"><span class='ocrx_word' id='word_1_306' title='bbox 290 4263 351 4306; x_wconf 87' lang='lat' dir='ltr'><strong>sunt</strong></span> <span class='ocrx_word' id='word_1_307' title='bbox 369 4254 541 4318; x_wconf 84' lang='lat' dir='ltr'><strong>indubitatae,</strong></span> <span class='ocrx_word' id='word_1_308' title='bbox 567 4255 762 4307; x_wconf 63' lang='lat' dir='ltr'><strong>ceteris&#39;tamen</strong></span> <span class='ocrx_word' id='word_1_309' title='bbox 781 4260 838 4325; x_wconf 90' lang='lat' dir='ltr'><strong>epi·</strong></span> <span class='ocrx_word' id='word_1_310' title='bbox 867 4273 889 4308; x_wconf 90' lang='lat' dir='ltr'><strong>c.</strong></span> <span class='ocrx_word' id='word_1_311' title='bbox 910 4256 935 4320; x_wconf 89' lang='lat' dir='ltr'><strong>l,</strong></span> <span class='ocrx_word' id='word_1_312' title='bbox 956 4247 998 4308; x_wconf 66' lang='lat' dir='ltr'><strong>ils</strong></span> 
     </span>
    </p>

    <p class='ocr_par' dir='ltr' id='par_1_10' title="bbox 249 4338 1416 4505">
     <span class='ocr_line' id='line_1_37' title="bbox 249 4338 1416 4412; baseline -0.001 -25"><span class='ocrx_word' id='word_1_313' title='bbox 249 4382 255 4387; x_wconf 89' lang='lat'>.</span> <span class='ocrx_word' id='word_1_314' title='bbox 290 4342 365 4393; x_wconf 84' lang='lat' dir='ltr'><strong>stolis</strong></span> <span class='ocrx_word' id='word_1_315' title='bbox 384 4341 428 4392; x_wconf 92' lang='lat' dir='ltr'><strong>Pio</strong></span> <span class='ocrx_word' id='word_1_316' title='bbox 447 4340 580 4408; x_wconf 85' lang='lat' dir='ltr'><strong>adscriptis</strong></span> <span class='ocrx_word' id='word_1_317' title='bbox 597 4340 673 4409; x_wconf 85' lang='lat' dir='ltr'><strong>longe</strong></span> <span class='ocrx_word' id='word_1_318' title='bbox 690 4350 839 4412; x_wconf 53' lang='lat' dir='ltr'><strong>essaprae‘f</strong></span> <span class='ocrx_word' id='word_1_319' title='bbox 887 4343 932 4412; x_wconf 86' lang='lat'><strong>·6)</strong></span> <span class='ocrx_word' id='word_1_320' title='bbox 951 4341 1099 4410; x_wconf 88' lang='lat' dir='ltr'><strong>Disquisitio</strong></span> <span class='ocrx_word' id='word_1_321' title='bbox 1119 4345 1144 4393; x_wconf 93' lang='lat' dir='ltr'><strong>in</strong></span> <span class='ocrx_word' id='word_1_322' title='bbox 1157 4342 1287 4393; x_wconf 86' lang='lat' dir='ltr'><strong>Pastorem</strong></span> <span class='ocrx_word' id='word_1_323' title='bbox 1299 4338 1416 4389; x_wconf 84' lang='lat' dir='ltr'><strong>llermaa.</strong></span> 
     </span>
     <span class='ocr_line' id='line_1_38' title="bbox 290 4423 1398 4505; baseline -0.009 -16"><span class='ocrx_word' id='word_1_324' title='bbox 290 4426 427 4501; x_wconf 76' lang='lat' dir='ltr'><strong>terendas,</strong></span> <span class='ocrx_word' id='word_1_325' title='bbox 445 4429 512 4479; x_wconf 85' lang='lat' dir='ltr'><strong>inter</strong></span> <span class='ocrx_word' id='word_1_326' title='bbox 531 4426 620 4486; x_wconf 87' lang='lat' dir='ltr'><strong>doctos</strong></span> <span class='ocrx_word' id='word_1_327' title='bbox 640 4435 744 4482; x_wconf 84' lang='lat' dir='ltr'><strong>constat.</strong></span> <span class='ocrx_word' id='word_1_328' title='bbox 824 4479 826 4483; x_wconf 77' lang='grc'>,</span> <span class='ocrx_word' id='word_1_329' title='bbox 848 4429 993 4505; x_wconf 76' lang='lat' dir='ltr'><strong>Pontici.</strong></span> <span class='ocrx_word' id='word_1_330' title='bbox 1030 4427 1135 4482; x_wconf 86' lang='lat' dir='ltr'><strong>Bonnac</strong></span> <span class='ocrx_word' id='word_1_331' title='bbox 1155 4426 1230 4477; x_wconf 76' lang='lat'><strong>1820.</strong></span> <span class='ocrx_word' id='word_1_332' title='bbox 1249 4442 1276 4502; x_wconf 88' lang='lat' dir='ltr'><strong>p.</strong></span> <span class='ocrx_word' id='word_1_333' title='bbox 1295 4426 1311 4477; x_wconf 85' lang='lat'>8</span> <span class='ocrx_word' id='word_1_334' title='bbox 1330 4432 1355 4478; x_wconf 86' lang='lat' dir='ltr'><strong>at</strong></span> <span class='ocrx_word' id='word_1_335' title='bbox 1368 4423 1398 4480; x_wconf 74' lang='lat'><strong>9.</strong></span> 
     </span>
    </p>
   </div>
   <div class='ocr_carea' id='block_1_4' title="bbox 1360 4582 1526 4674">
    <p class='ocr_par' dir='ltr' id='par_1_11' title="bbox 1360 4582 1526 4674">
     <span class='ocr_line' id='line_1_39' title="bbox 1360 4582 1526 4674; baseline 0 -12"><span class='ocrx_word' id='word_1_336' title='bbox 1360 4669 1363 4674; x_wconf 54' lang='grc'><strong>,</strong></span> <span class='ocrx_word' id='word_1_337' title='bbox 1417 4582 1526 4662; x_wconf 60' lang='grc' dir='ltr'><strong><em>Δ</em></strong></span> 
     </span>
    </p>
   </div>
   <div class='ocr_carea' id='block_1_5' title="bbox 0 0 1843 5209">
    <p class='ocr_par' dir='ltr' id='par_1_12' title="bbox 0 0 1843 5209">
     <span class='ocr_line' id='line_1_40' title="bbox 0 0 1843 5209; baseline 0 0"><span class='ocrx_word' id='word_1_338' title='bbox 0 0 1843 5209; x_wconf 95' lang='lat' dir='ltr'><strong> </strong></span> 
     </span>
    </p>
   </div>
  </div>
 </body>
</html>
