3659 5209
342 549 595 621 smmmm
780 524 1035 605 mmmmm
1437 557 1473 611 n

342 715 527 779 Clementem
551 732 608 776 noc
631 713 793 796 Origenem
817 732 882 776 cum
909 712 1012 775 eadem
1036 715 1217 794 reverentia,
1245 734 1332 796 quam
1355 718 1473 800 scriptis

343 838 420 895 sere
443 818 615 900 apostolicis
638 820 786 897 tribuunt,
810 818 848 879 de
872 818 996 900 epistola
1020 827 1122 882 nostra
1147 819 1296 902 disputare
1315 819 1354 904 ¹).

436 920 471 1008 c)
493 923 660 986 Eusebium
683 931 713 985 et
735 924 958 1004 Hieronymum
981 923 1161 986 authentiam
1185 926 1329 1007 epistolae
1351 933 1472 991 nostrae

346 1031 515 1115 negavisse,
539 1030 619 1091 multi
644 1030 720 1091 mate
743 1029 878 1091 credunt.

431 1137 572 1219 Legimus
596 1135 715 1215 quidem
744 1136 773 1197 in
792 1135 874 1197 iltius
898 1133 1020 1197 historia
1045 1134 1250 1197 ecclesiastica
1274 1134 1327 1215 ΙΙΙ,
1350 1135 1407 1201 25:
1440 1134 1473 1201 ἐν

342 1243 415 1317 τοῖς
437 1235 552 1314 νόθοις
572 1229 803 1320 κατανενάχθω
825 1235 966 1301 καὶτῶν
987 1227 1120 1302 Παύλου
1141 1228 1291 1325 πράξεων
1316 1237 1338 1325 ἦ
1360 1239 1473 1329 γραρῆ,

342 1346 361 1413 ὅ
382 1369 419 1410 τε
440 1339 608 1429 λεγόμενος
630 1342 774 1431 Ποιμήν,
796 1342 849 1408 καὶ
872 1339 892 1430 ἡ
912 1334 1123 1424 ἀποκάλυψις
1145 1341 1291 1431 Πέτρου,
1314 1341 1367 1409 καὶ
1389 1340 1475 1433 πρὸς

340 1449 472 1525 τούτοις
494 1447 515 1535 ἠ
536 1445 694 1536 φερομένη
716 1439 871 1536 Βαρνάβα
892 1443 1056 1536 ἐπιστολή.

431 1558 491 1624 Sed
516 1557 680 1637 Eusebius,
715 1558 871 1639 epistolam
903 1562 1034 1619 nostram
1064 1554 1133 1629 τοῖς
1159 1542 1275 1630 νόθοις
1297 1575 1473 1638 accensens,

340 1664 505 1746 improprie
529 1662 604 1726 banc
627 1680 734 1725 vocem
757 1663 920 1744 usurpavit,
945 1669 973 1724 et
996 1681 1104 1725 revera
1128 1681 1188 1726 non
1213 1663 1251 1726 de
1273 1662 1356 1726 libris
1379 1664 1472 1726 odui-

341 1771 464 1847 teriuis,
489 1768 543 1830 sed
568 1768 605 1829 de
629 1756 892 1850 άντιλεγομένοις,
916 1769 982 1830 sive
1001 1767 1107 1830 dubiis
1125 1767 1219 1845 libris,
1243 1774 1273 1829 et
1288 1787 1304 1861 a
1320 1769 1472 1832 nonnullis

341 1875 519 1954 repudiatis
544 1874 635 1936 verba
659 1872 740 1953 iecit,
762 1881 793 1934 ut
813 1875 879 1953 ipse
894 1872 984 1955 paulo
1000 1878 1069 1953 post
1085 1879 1211 1935 testatur
1226 1871 1345 1936 dicens:
1368 1877 1473 1937 ταῦτα

339 1975 398 2060 μὲν
429 1976 535 2042 πάντα
566 1976 604 2059 (i.
628 1996 655 2039 e.
752 1976 833 2048 dcta¹
848 1977 947 2051 Pauli,
978 1976 1082 2038 Pastor
1105 1982 1160 2039 etc.
1185 1984 1215 2039 et
1236 1977 1369 2060 Epistola
1392 1978 1471 2041 Bar·

340 2081 458 2165 nubae)
481 2081 547 2144 τῶν
569 2071 907 2161 ἀντιλεγομένων
930 2066 968 2139 άν
989 2074 1046 2162 εἴη.

431 2187 500 2249 Νοο
527 2186 624 2248 minus
647 2184 794 2246 Eusebius
825 2184 855 2244 in
886 2189 975 2245 sexto
1005 2183 1147 2246 historiae
1175 2183 1470 2270 suaelibroc.1d.

343 2291 500 2374 epistolam
522 2295 656 2353 nostram
678 2289 749 2362 τοῖς
771 2281 1026 2373 άντιλεγομένοις
1047 2288 1205 2369 adscribit,
1236 2291 1364 2356 docens:
1397 2293 1470 2356 Cle-

341 2404 473 2461 mentem
488 2395 722 2460 Atexandrinum
739 2396 868 2459 inlibris
885 2396 1121 2478 Hypotyposeon
1138 2412 1241 2458 omnes
1256 2396 1351 2459 libros
1368 2414 1472 2463 sacrae

340 2503 513 2582 Scripturae
536 2517 713 2580 enarrasse,
741 2518 779 2564 ne
804 2489 1062 2585 άντιλεγομὲνοις
1084 2500 1203 2581 quidem
1226 2502 1309 2565 tibris
1331 2509 1473 2584 praeter-

341 2609 458 2686 missis,
486 2602 568 2692 μρδὲ
589 2603 648 2682 τάς
670 2597 912 2691 άντιλογομὲνας
934 2601 1127 2694 παρελθών·
1160 2602 1217 2691 τήν
1237 2595 1353 2684 Ἰούδα,
1382 2602 1472 2690 λέγω,

341 2710 394 2778 καὶ
417 2703 477 2786 τάς
497 2707 616 2787 λοιπάς
637 2703 816 2787 subobsitus
837 2707 1021 2789 ἐπιστολάς,
1044 2707 1102 2797 τήν
1123 2732 1159 2774 τε
1173 2705 1328 2798 Βαρνάβα
1345 2708 1400 2776 καὶ
1417 2708 1473 2797 τήν

342 2816 473 2906 Πέτρου
493 2814 663 2902 λεγομένην
685 2807 902 2905 ἀποκάλυψιν.
948 2819 1175 2881 Auctoritatem
1205 2819 1296 2900 igitur
1318 2818 1472 2901 epistolae,

342 2944 402 2990 non
426 2927 492 3007 ejus
515 2924 716 3001 euidentiam,
740 2923 889 2987 Eusebius
912 2924 942 2986 in
967 2924 1086 2987 dubium
1111 2924 1237 2986 vocavit.

429 3030 529 3093 Paene
553 3028 658 3091 eadem
681 3028 805 3093 dicenda
829 3035 899 3091 sunt
924 3029 962 3092 de
978 3030 1171 3111 Hieronymo,
1194 3027 1361 3091 scribente:
1385 3028 1471 3093 Bm·-

341 3135 443 3199 nabas
468 3134 625 3217 Cyprius,
657 3135 710 3216 qui
741 3143 771 3197 et
792 3134 912 3214 Josepb
934 3135 1075 3212 Levites,
1109 3154 1177 3196 cum
1206 3133 1308 3197 Paulo
1335 3138 1471 3215 centium

340 3240 513 3320 Apostolus
537 3240 722 3317 ordinatus,
753 3258 849 3302 uuam
879 3240 923 3302 ad
949 3240 1199 3319 aedificationem
1221 3240 1373 3302 ecelesiae
1392 3260 1470 3321 per-

340 3347 487 3408 tinentem
505 3344 669 3425 epistolum
685 3346 866 3423 composuit,
889 3363 970 3425 quae
985 3347 1067 3407 iuter
1081 3344 1279 3425 apocrypbcs
1294 3347 1470 3425 scripturus

341 3447 511 3534 leuitufl}
550 3450 644 3524 Quem
667 3449 697 3511 in
720 3449 817 3511 iocum
840 3450 916 3513 scite
939 3450 1119 3512 Pearsonius
1133 3445 1182 3533 ³):
1207 3448 1383 3528 ,Barnabae
1401 3452 1469 3533 epi·

340 3557 449 3621 stolam
473 3555 566 3618 fuisse
588 3554 677 3616 tradit
699 3551 937 3637 (Hieronymus)
958 3573 1016 3617 non
1038 3554 1094 3635 ipsi
1111 3555 1304 3636 suppositam,
1327 3561 1377 3618 aut
1392 3573 1469 3636 spu-

339 3663 414 3726 riam
423 3682 434 3739 ;
457 3661 499 3724 ud
518 3659 768 3741 aedificationem
787 3660 939 3722 ecciesiae
955 3660 1137 3742 pertinuisse
1153 3659 1269 3739 asserit,
1292 3677 1352 3722 non
1370 3660 1469 3741 itaque
1560 3698 1570 3705 -

339 3767 521 3831 haereticum
544 3765 674 3847 putavit3
707 3764 815 3828 lectum
838 3773 937 3829 tamen
960 3767 1040 3827 inter
1063 3764 1260 3846 apocryphus
1286 3762 1468 3843 Scripturas

340 3872 448 3952 docet,
480 3890 538 3935 nec
560 3871 603 3937 ab
633 3869 761 3933 ecclesia
792 3870 975 3953 repudiatam
1005 3869 1128 3933 innuit.“
1174 3867 1347 3951 Apocryphi
1370 3875 1468 3931 autem

338 3978 408 4042 libri
433 3985 492 4040 tram
514 3976 535 4038 ii
557 3981 711 4055 vocantur,
735 3975 785 4057 qui
808 3977 969 4040 authentici
993 3976 1129 4058 quidem,
1153 3975 1208 4038 sed
1232 3975 1268 4037 ab
1292 3974 1468 4037 auctoritate

337 4083 487 4149 canonica
511 4082 631 4161 remoti,
663 4087 692 4143 et
714 4082 744 4143 in
767 4100 920 4146 sacrarum
942 4082 1155 4164 seripturarum
1178 4098 1294 4143 canone
1323 4097 1383 4142 non
1413 4094 1467 4137 re·

336 4188 432 4274 positi
454 4192 539 4263 sunt3
568 4193 628 4248 tuna
651 4186 689 4265 ii,
716 4186 766 4267 qui
789 4204 850 4250 non
872 4193 942 4250 suut
964 4205 1087 4266 eorum,
1110 4205 1238 4268 quorum
1259 4184 1350 4246 titulis
1373 4196 1468 4262 prae-

350 4307 1463 4394 *mmmmmmmmmm.mumnmnmaam

375 4413 407 4482 2)
426 4415 535 4467 Hieran.
550 4410 594 4464 tib.
611 4410 644 4462 de
658 4409 818 4467 rumitant.
833 4410 890 4464 cb.
918 4408 969 4463 Cir.
989 4410 1101 4464 Gallaad.
1121 4409 1138 4461 l.
1158 4426 1179 4462 c.
1198 4424 1223 4476 p.
1241 4401 1318 4455 XXX.
