<?xml version="1.0" encoding="UTF-8"?>
<!DOCTYPE html PUBLIC "-//W3C//DTD XHTML 1.0 Transitional//EN"
    "http://www.w3.org/TR/xhtml1/DTD/xhtml1-transitional.dtd">
<html xmlns="http://www.w3.org/1999/xhtml" xml:lang="en" lang="en">
 <head>
  <title>
</title>
<meta http-equiv="Content-Type" content="text/html;charset=utf-8" />
  <meta name='ocr-system' content='tesseract 3.04.00' />
  <meta name='ocr-capabilities' content='ocr_page ocr_carea ocr_par ocr_line ocrx_word'/>
</head>
<body>
  <div class='ocr_page' id='page_1' title='image "./patrumapostolic00hefegoog_0075.png"; bbox 0 0 3659 5209; ppageno 0'>
   <div class='ocr_carea' id='block_1_1' title="bbox 353 567 1482 651">
    <p class='ocr_par' dir='ltr' id='par_1_1' title="bbox 353 567 1482 651">
     <span class='ocr_line' id='line_1_1' title="bbox 353 567 1482 651; baseline 0.003 -13"><span class='ocrx_word' id='word_1_1' title='bbox 353 581 381 639; x_wconf 85' lang='lat' dir='ltr'><strong>s.</strong></span> <span class='ocrx_word' id='word_1_2' title='bbox 402 580 551 651; x_wconf 80' lang='lat' dir='ltr'><strong>renum]</strong></span> <span class='ocrx_word' id='word_1_3' title='bbox 793 579 1047 635; x_wconf 81' lang='lat' dir='ltr'><strong>rnouuoormm.</strong></span> <span class='ocrx_word' id='word_1_4' title='bbox 1383 567 1482 641; x_wconf 83' lang='lat' dir='ltr'><strong>uxxm</strong></span> 
     </span>
    </p>
   </div>
   <div class='ocr_carea' id='block_1_2' title="bbox 326 740 1484 4276">
    <p class='ocr_par' dir='ltr' id='par_1_2' title="bbox 353 740 1484 1560">
     <span class='ocr_line' id='line_1_2' title="bbox 353 740 1484 824; baseline 0.002 -18"><span class='ocrx_word' id='word_1_5' title='bbox 353 744 543 824; x_wconf 78' lang='lat' dir='ltr'><strong>epissemns,</strong></span> <span class='ocrx_word' id='word_1_6' title='bbox 576 750 607 804; x_wconf 88' lang='lat' dir='ltr'><strong>ct</strong></span> <span class='ocrx_word' id='word_1_7' title='bbox 626 741 758 823; x_wconf 74' lang='lat' dir='ltr'><strong>penitius</strong></span> <span class='ocrx_word' id='word_1_8' title='bbox 779 740 874 820; x_wconf 74' lang='lat' dir='ltr'><strong>flecis</strong></span> <span class='ocrx_word' id='word_1_9' title='bbox 895 743 1053 823; x_wconf 78' lang='lat' dir='ltr'><strong>multaque</strong></span> <span class='ocrx_word' id='word_1_10' title='bbox 1076 746 1218 807; x_wconf 81' lang='lat' dir='ltr'><strong>oratione</strong></span> <span class='ocrx_word' id='word_1_11' title='bbox 1238 745 1422 823; x_wconf 73' lang='lat' dir='ltr'><strong>Dominum,</strong></span> <span class='ocrx_word' id='word_1_12' title='bbox 1448 754 1484 809; x_wconf 84' lang='lat' dir='ltr'><strong>nt</strong></span> 
     </span>
     <span class='ocr_line' id='line_1_3' title="bbox 355 847 1481 928; baseline 0.004 -18"><span class='ocrx_word' id='word_1_13' title='bbox 355 868 419 911; x_wconf 88' lang='lat' dir='ltr'><strong>nos</strong></span> <span class='ocrx_word' id='word_1_14' title='bbox 433 849 573 928; x_wconf 70' lang='lat' dir='ltr'><strong>trtfirmos</strong></span> <span class='ocrx_word' id='word_1_15' title='bbox 588 848 625 909; x_wconf 87' lang='lat' dir='ltr'><strong>dc</strong></span> <span class='ocrx_word' id='word_1_16' title='bbox 641 849 694 924; x_wconf 85' lang='lat' dir='ltr'><strong>iis,</strong></span> <span class='ocrx_word' id='word_1_17' title='bbox 718 867 797 928; x_wconf 84' lang='lat' dir='ltr'><strong>qnae</strong></span> <span class='ocrx_word' id='word_1_18' title='bbox 810 847 901 927; x_wconf 83' lang='lat' dir='ltr'><strong>fecte</strong></span> <span class='ocrx_word' id='word_1_19' title='bbox 913 847 1055 926; x_wconf 75' lang='lat' dir='ltr'><strong>suerent,</strong></span> <span class='ocrx_word' id='word_1_20' title='bbox 1078 858 1180 913; x_wconf 85' lang='lat' dir='ltr'><strong>certos</strong></span> <span class='ocrx_word' id='word_1_21' title='bbox 1194 850 1324 927; x_wconf 77' lang='lat' dir='ltr'><strong>faceret,</strong></span> <span class='ocrx_word' id='word_1_22' title='bbox 1342 870 1481 915; x_wconf 77' lang='lat' dir='ltr'><strong>arsenius</strong></span> 
     </span>
     <span class='ocr_line' id='line_1_4' title="bbox 356 945 1479 1037; baseline 0.002 -21"><span class='ocrx_word' id='word_1_23' title='bbox 356 955 481 1032; x_wconf 82' lang='lat' dir='ltr'><strong>precati</strong></span> <span class='ocrx_word' id='word_1_24' title='bbox 494 959 550 1016; x_wconf 83' lang='lat' dir='ltr'><strong>eto.</strong></span> <span class='ocrx_word' id='word_1_25' title='bbox 595 952 626 1017; x_wconf 86' lang='lat' dir='ltr'><strong>si</strong></span> <span class='ocrx_word' id='word_1_26' title='bbox 649 945 726 1014; x_wconf 77' lang='lat' dir='ltr'><strong>enim</strong></span> <span class='ocrx_word' id='word_1_27' title='bbox 749 951 825 1014; x_wconf 88' lang='lat' dir='ltr'><strong>baec</strong></span> <span class='ocrx_word' id='word_1_28' title='bbox 848 950 934 1029; x_wconf 84' lang='lat' dir='ltr'><strong>iacta,</strong></span> <span class='ocrx_word' id='word_1_29' title='bbox 956 953 1082 1016; x_wconf 90' lang='lat' dir='ltr'><strong>Grabius</strong></span> <span class='ocrx_word' id='word_1_30' title='bbox 1099 954 1203 1036; x_wconf 89' lang='lat' dir='ltr'><strong>inquit,</strong></span> <span class='ocrx_word' id='word_1_31' title='bbox 1228 953 1343 1034; x_wconf 80' lang='lat' dir='ltr'><strong>ipsimet</strong></span> <span class='ocrx_word' id='word_1_32' title='bbox 1358 962 1479 1037; x_wconf 90' lang='lat' dir='ltr'><strong>specta-</strong></span> 
     </span>
     <span class='ocr_line' id='line_1_5' title="bbox 359 1055 1481 1138; baseline 0.004 -18"><span class='ocrx_word' id='word_1_33' title='bbox 359 1064 444 1120; x_wconf 87' lang='lat' dir='ltr'><strong>tores</strong></span> <span class='ocrx_word' id='word_1_34' title='bbox 472 1058 563 1120; x_wconf 86' lang='lat' dir='ltr'><strong>oculis</strong></span> <span class='ocrx_word' id='word_1_35' title='bbox 592 1064 827 1137; x_wconf 80' lang='lat' dir='ltr'><strong>usurpaverant,</strong></span> <span class='ocrx_word' id='word_1_36' title='bbox 858 1055 927 1137; x_wconf 87' lang='lat' dir='ltr'><strong>quid</strong></span> <span class='ocrx_word' id='word_1_37' title='bbox 958 1074 1034 1138; x_wconf 90' lang='lat' dir='ltr'><strong>opus</strong></span> <span class='ocrx_word' id='word_1_38' title='bbox 1065 1064 1146 1136; x_wconf 90' lang='lat' dir='ltr'><strong>erat,</strong></span> <span class='ocrx_word' id='word_1_39' title='bbox 1177 1058 1349 1121; x_wconf 72' lang='lat' dir='ltr'><strong>ulteriorem</strong></span> <span class='ocrx_word' id='word_1_40' title='bbox 1380 1060 1417 1121; x_wconf 87' lang='lat' dir='ltr'><strong>de</strong></span> <span class='ocrx_word' id='word_1_41' title='bbox 1445 1062 1481 1125; x_wconf 86' lang='lat' dir='ltr'><strong>iis</strong></span> 
     </span>
     <span class='ocr_line' id='line_1_6' title="bbox 359 1153 1481 1246; baseline -0.001 -21"><span class='ocrx_word' id='word_1_42' title='bbox 359 1163 562 1226; x_wconf 72' lang='lat' dir='ltr'><strong>certitudinem</strong></span> <span class='ocrx_word' id='word_1_43' title='bbox 586 1181 602 1224; x_wconf 90' lang='lat' dir='ltr'><strong>a</strong></span> <span class='ocrx_word' id='word_1_44' title='bbox 622 1163 688 1223; x_wconf 88' lang='lat' dir='ltr'><strong>Deo</strong></span> <span class='ocrx_word' id='word_1_45' title='bbox 712 1153 891 1242; x_wconf 81' lang='lat' dir='ltr'><strong>postulare?</strong></span> <span class='ocrx_word' id='word_1_46' title='bbox 915 1194 956 1204; x_wconf 90' lang='lat'>—</span> <span class='ocrx_word' id='word_1_47' title='bbox 980 1161 1039 1224; x_wconf 88' lang='lat' dir='ltr'><strong>Sed</strong></span> <span class='ocrx_word' id='word_1_48' title='bbox 1056 1161 1182 1224; x_wconf 88' lang='lat' dir='ltr'><strong>Grabius</strong></span> <span class='ocrx_word' id='word_1_49' title='bbox 1205 1181 1348 1246; x_wconf 83' lang='lat' dir='ltr'><strong>graecum</strong></span> <span class='ocrx_word' id='word_1_50' title='bbox 1371 1170 1481 1226; x_wconf 83' lang='lat' dir='ltr'><strong>textum</strong></span> 
     </span>
     <span class='ocr_line' id='line_1_7' title="bbox 355 1253 1483 1348; baseline 0.002 -19"><span class='ocrx_word' id='word_1_51' title='bbox 355 1267 438 1329; x_wconf 86' lang='lat' dir='ltr'><strong>male·</strong></span> <span class='ocrx_word' id='word_1_52' title='bbox 454 1268 663 1348; x_wconf 87' lang='lat' dir='ltr'><strong>interpretatus</strong></span> <span class='ocrx_word' id='word_1_53' title='bbox 680 1265 754 1327; x_wconf 87' lang='lat' dir='ltr'><strong>haec</strong></span> <span class='ocrx_word' id='word_1_54' title='bbox 771 1265 880 1346; x_wconf 84' lang='lat' dir='ltr'><strong>objecit</strong></span> <span class='ocrx_word' id='word_1_55' title='bbox 889 1286 898 1340; x_wconf 90' lang='lat'>;</span> <span class='ocrx_word' id='word_1_56' title='bbox 922 1253 1083 1329; x_wconf 76' lang='grc' dir='ltr'><strong><em>αὐτόπται</em></strong></span> <span class='ocrx_word' id='word_1_57' title='bbox 1105 1268 1183 1329; x_wconf 92' lang='lat' dir='ltr'><strong>enim</strong></span> <span class='ocrx_word' id='word_1_58' title='bbox 1201 1268 1240 1329; x_wconf 90' lang='lat' dir='ltr'><strong>illi</strong></span> <span class='ocrx_word' id='word_1_59' title='bbox 1257 1286 1317 1330; x_wconf 93' lang='lat' dir='ltr'><strong>non</strong></span> <span class='ocrx_word' id='word_1_60' title='bbox 1336 1267 1374 1329; x_wconf 91' lang='lat' dir='ltr'><strong>de</strong></span> <span class='ocrx_word' id='word_1_61' title='bbox 1390 1275 1483 1331; x_wconf 90' lang='lat' dir='ltr'><strong>morte</strong></span> 
     </span>
     <span class='ocr_line' id='line_1_8' title="bbox 353 1370 1484 1457; baseline 0.001 -23"><span class='ocrx_word' id='word_1_62' title='bbox 353 1372 470 1454; x_wconf 85' lang='lat' dir='ltr'><strong>ignatii,</strong></span> <span class='ocrx_word' id='word_1_63' title='bbox 494 1370 548 1434; x_wconf 93' lang='lat' dir='ltr'><strong>sed</strong></span> <span class='ocrx_word' id='word_1_64' title='bbox 573 1371 611 1434; x_wconf 91' lang='lat' dir='ltr'><strong>de</strong></span> <span class='ocrx_word' id='word_1_65' title='bbox 634 1390 672 1434; x_wconf 90' lang='lat' dir='ltr'><strong>eo</strong></span> <span class='ocrx_word' id='word_1_66' title='bbox 696 1371 841 1432; x_wconf 86' lang='lat' dir='ltr'><strong>certiores</strong></span> <span class='ocrx_word' id='word_1_67' title='bbox 864 1370 929 1432; x_wconf 90' lang='lat' dir='ltr'><strong>lieri</strong></span> <span class='ocrx_word' id='word_1_68' title='bbox 953 1371 1101 1448; x_wconf 85' lang='lat' dir='ltr'><strong>volebant,</strong></span> <span class='ocrx_word' id='word_1_69' title='bbox 1131 1390 1199 1433; x_wconf 91' lang='lat' dir='ltr'><strong>num</strong></span> <span class='ocrx_word' id='word_1_70' title='bbox 1224 1373 1394 1452; x_wconf 82' lang='lat' dir='ltr'><strong>martyrium</strong></span> <span class='ocrx_word' id='word_1_71' title='bbox 1418 1373 1484 1457; x_wconf 85' lang='lat' dir='ltr'><strong>ejus</strong></span> 
     </span>
     <span class='ocr_line' id='line_1_9' title="bbox 353 1472 1199 1560; baseline -0.001 -21"><span class='ocrx_word' id='word_1_72' title='bbox 353 1477 420 1540; x_wconf 88' lang='lat' dir='ltr'><strong>Deo</strong></span> <span class='ocrx_word' id='word_1_73' title='bbox 444 1483 527 1539; x_wconf 90' lang='lat' dir='ltr'><strong>esset</strong></span> <span class='ocrx_word' id='word_1_74' title='bbox 550 1472 713 1558; x_wconf 87' lang='lat' dir='ltr'><strong>acceptum,</strong></span> <span class='ocrx_word' id='word_1_75' title='bbox 738 1481 768 1538; x_wconf 91' lang='lat' dir='ltr'><strong>ut</strong></span> <span class='ocrx_word' id='word_1_76' title='bbox 788 1476 849 1557; x_wconf 88' lang='lat' dir='ltr'><strong>jam</strong></span> <span class='ocrx_word' id='word_1_77' title='bbox 873 1475 1006 1539; x_wconf 84' lang='lat' dir='ltr'><strong>Clericus</strong></span> <span class='ocrx_word' id='word_1_78' title='bbox 1029 1476 1141 1538; x_wconf 91' lang='lat' dir='ltr'><strong>monuit</strong></span> <span class='ocrx_word' id='word_1_79' title='bbox 1159 1472 1199 1560; x_wconf 85' lang='lat'><strong>¹).</strong></span> 
     </span>
    </p>

    <p class='ocr_par' dir='ltr' id='par_1_3' title="bbox 326 1578 1484 2272">
     <span class='ocr_line' id='line_1_10' title="bbox 443 1578 1483 1665; baseline 0 -21"><span class='ocrx_word' id='word_1_80' title='bbox 443 1580 480 1665; x_wconf 82' lang='lat' dir='ltr'><strong>c)</strong></span> <span class='ocrx_word' id='word_1_81' title='bbox 503 1581 620 1645; x_wconf 86' lang='lat' dir='ltr'><strong>Falsum</strong></span> <span class='ocrx_word' id='word_1_82' title='bbox 644 1600 713 1644; x_wconf 90' lang='lat' dir='ltr'><strong>esse</strong></span> <span class='ocrx_word' id='word_1_83' title='bbox 736 1580 887 1644; x_wconf 87' lang='lat' dir='ltr'><strong>contendit</strong></span> <span class='ocrx_word' id='word_1_84' title='bbox 904 1578 1039 1659; x_wconf 89' lang='lat' dir='ltr'><strong>Grabius,</strong></span> <span class='ocrx_word' id='word_1_85' title='bbox 1062 1581 1142 1662; x_wconf 89' lang='lat' dir='ltr'><strong>quod</strong></span> <span class='ocrx_word' id='word_1_86' title='bbox 1163 1599 1188 1643; x_wconf 90' lang='lat' dir='ltr'><strong>c.</strong></span> <span class='ocrx_word' id='word_1_87' title='bbox 1206 1579 1224 1643; x_wconf 80' lang='lat'><strong>7</strong></span> <span class='ocrx_word' id='word_1_88' title='bbox 1245 1581 1377 1664; x_wconf 82' lang='lat' dir='ltr'><strong>Ignatius</strong></span> <span class='ocrx_word' id='word_1_89' title='bbox 1398 1601 1483 1644; x_wconf 92' lang='lat' dir='ltr'><strong>mor-</strong></span> 
     </span>
     <span class='ocr_line' id='line_1_11' title="bbox 354 1676 1484 1765; baseline 0 -15"><span class='ocrx_word' id='word_1_90' title='bbox 354 1695 423 1751; x_wconf 89' lang='lat' dir='ltr'><strong>tuus</strong></span> <span class='ocrx_word' id='word_1_91' title='bbox 454 1687 550 1750; x_wconf 86' lang='lat' dir='ltr'><strong>luisse</strong></span> <span class='ocrx_word' id='word_1_92' title='bbox 577 1686 690 1749; x_wconf 90' lang='lat' dir='ltr'><strong>dicatur</strong></span> <span class='ocrx_word' id='word_1_93' title='bbox 719 1676 899 1749; x_wconf 70' lang='lat' dir='ltr'><strong>consulibus</strong></span> <span class='ocrx_word' id='word_1_94' title='bbox 923 1689 1009 1765; x_wconf 80' lang='lat' dir='ltr'><strong>opud</strong></span> <span class='ocrx_word' id='word_1_95' title='bbox 1029 1688 1187 1750; x_wconf 82' lang='lat' dir='ltr'><strong>Romanos</strong></span> <span class='ocrx_word' id='word_1_96' title='bbox 1213 1689 1323 1750; x_wconf 81' lang='lat' dir='ltr'><strong>iterem</strong></span> <span class='ocrx_word' id='word_1_97' title='bbox 1346 1687 1430 1750; x_wconf 83' lang='lat' dir='ltr'><strong>Sura</strong></span> <span class='ocrx_word' id='word_1_98' title='bbox 1454 1697 1484 1750; x_wconf 90' lang='lat' dir='ltr'><strong>et</strong></span> 
     </span>
     <span class='ocr_line' id='line_1_12' title="bbox 352 1789 1482 1873; baseline 0 -20"><span class='ocrx_word' id='word_1_99' title='bbox 352 1793 543 1869; x_wconf 80' lang='lat' dir='ltr'><strong>Senecione,</strong></span> <span class='ocrx_word' id='word_1_100' title='bbox 576 1793 594 1854; x_wconf 91' lang='lat' dir='ltr'><strong>i.</strong></span> <span class='ocrx_word' id='word_1_101' title='bbox 619 1811 643 1854; x_wconf 89' lang='lat' dir='ltr'><strong>e.</strong></span> <span class='ocrx_word' id='word_1_102' title='bbox 676 1810 754 1856; x_wconf 87' lang='lat' dir='ltr'><strong>anno</strong></span> <span class='ocrx_word' id='word_1_103' title='bbox 789 1789 860 1853; x_wconf 81' lang='lat'><strong>107.</strong></span> <span class='ocrx_word' id='word_1_104' title='bbox 905 1791 1031 1854; x_wconf 90' lang='lat' dir='ltr'><strong>Grabius</strong></span> <span class='ocrx_word' id='word_1_105' title='bbox 1058 1793 1153 1869; x_wconf 89' lang='lat' dir='ltr'><strong>enim,</strong></span> <span class='ocrx_word' id='word_1_106' title='bbox 1185 1799 1216 1854; x_wconf 94' lang='lat' dir='ltr'><strong>ut</strong></span> <span class='ocrx_word' id='word_1_107' title='bbox 1245 1810 1336 1873; x_wconf 88' lang='lat' dir='ltr'><strong>supra</strong></span> <span class='ocrx_word' id='word_1_108' title='bbox 1366 1810 1394 1873; x_wconf 90' lang='lat' dir='ltr'><strong>p.</strong></span> <span class='ocrx_word' id='word_1_109' title='bbox 1419 1791 1482 1855; x_wconf 88' lang='lat' dir='ltr'><strong>XLl</strong></span> 
     </span>
     <span class='ocr_line' id='line_1_13' title="bbox 354 1892 1479 1978; baseline -0.002 -18"><span class='ocrx_word' id='word_1_110' title='bbox 354 1897 492 1975; x_wconf 84' lang='lat' dir='ltr'><strong>vidimus,</strong></span> <span class='ocrx_word' id='word_1_111' title='bbox 515 1908 603 1960; x_wconf 88' lang='lat' dir='ltr'><strong>ubam</strong></span> <span class='ocrx_word' id='word_1_112' title='bbox 625 1901 734 1959; x_wconf 85' lang='lat' dir='ltr'><strong>tautum</strong></span> <span class='ocrx_word' id='word_1_113' title='bbox 751 1894 870 1978; x_wconf 86' lang='lat' dir='ltr'><strong>Trajani</strong></span> <span class='ocrx_word' id='word_1_114' title='bbox 893 1892 1112 1975; x_wconf 83' lang='lat' dir='ltr'><strong>expeditionem</strong></span> <span class='ocrx_word' id='word_1_115' title='bbox 1128 1894 1290 1958; x_wconf 89' lang='lat' dir='ltr'><strong>Parthicam</strong></span> <span class='ocrx_word' id='word_1_116' title='bbox 1312 1895 1479 1975; x_wconf 87' lang='lat' dir='ltr'><strong>admittens,</strong></span> 
     </span>
     <span class='ocr_line' id='line_1_14' title="bbox 353 1994 1480 2082; baseline 0 -19"><span class='ocrx_word' id='word_1_117' title='bbox 353 2008 480 2063; x_wconf 90' lang='lat' dir='ltr'><strong>mortem</strong></span> <span class='ocrx_word' id='word_1_118' title='bbox 503 2002 541 2065; x_wconf 87' lang='lat' dir='ltr'><strong>.S.</strong></span> <span class='ocrx_word' id='word_1_119' title='bbox 574 2001 712 2082; x_wconf 84' lang='lat' dir='ltr'><strong>Martyris</strong></span> <span class='ocrx_word' id='word_1_120' title='bbox 744 2017 822 2061; x_wconf 86' lang='lat' dir='ltr'><strong>anno</strong></span> <span class='ocrx_word' id='word_1_121' title='bbox 855 1994 918 2059; x_wconf 78' lang='lat'><strong>116</strong></span> <span class='ocrx_word' id='word_1_122' title='bbox 950 1996 1113 2076; x_wconf 81' lang='lat' dir='ltr'><strong>adscripsit.</strong></span> <span class='ocrx_word' id='word_1_123' title='bbox 1158 1997 1221 2058; x_wconf 87' lang='lat' dir='ltr'><strong>Nos</strong></span> <span class='ocrx_word' id='word_1_124' title='bbox 1254 2008 1358 2062; x_wconf 90' lang='lat' dir='ltr'><strong>contra</strong></span> <span class='ocrx_word' id='word_1_125' title='bbox 1390 2002 1480 2064; x_wconf 90' lang='lat' dir='ltr'><strong>tutius</strong></span> 
     </span>
     <span class='ocr_line' id='line_1_15' title="bbox 351 2100 1477 2187; baseline 0.002 -19"><span class='ocrx_word' id='word_1_126' title='bbox 351 2106 539 2187; x_wconf 87' lang='lat' dir='ltr'><strong>putavimus,</strong></span> <span class='ocrx_word' id='word_1_127' title='bbox 563 2103 646 2166; x_wconf 89' lang='lat' dir='ltr'><strong>alteri</strong></span> <span class='ocrx_word' id='word_1_128' title='bbox 669 2101 818 2164; x_wconf 83' lang='lat' dir='ltr'><strong>accedere</strong></span> <span class='ocrx_word' id='word_1_129' title='bbox 839 2100 1022 2179; x_wconf 88' lang='lat' dir='ltr'><strong>sententiae,</strong></span> <span class='ocrx_word' id='word_1_130' title='bbox 1049 2120 1125 2182; x_wconf 85' lang='lat' dir='ltr'><strong>quae</strong></span> <span class='ocrx_word' id='word_1_131' title='bbox 1148 2101 1290 2182; x_wconf 86' lang='lat' dir='ltr'><strong>Ignatium</strong></span> <span class='ocrx_word' id='word_1_132' title='bbox 1314 2124 1391 2168; x_wconf 89' lang='lat' dir='ltr'><strong>anno</strong></span> <span class='ocrx_word' id='word_1_133' title='bbox 1418 2104 1477 2169; x_wconf 77' lang='lat'><strong>107</strong></span> 
     </span>
     <span class='ocr_line' id='line_1_16' title="bbox 326 2187 920 2272; baseline -0.008 0"><span class='ocrx_word' id='word_1_134' title='bbox 326 2230 329 2233; x_wconf 90' lang='lat'>·</span> <span class='ocrx_word' id='word_1_135' title='bbox 356 2228 375 2272; x_wconf 91' lang='lat' dir='ltr'><strong>e</strong></span> <span class='ocrx_word' id='word_1_136' title='bbox 398 2208 476 2271; x_wconf 86' lang='lat' dir='ltr'><strong>viris</strong></span> <span class='ocrx_word' id='word_1_137' title='bbox 500 2207 802 2269; x_wconf 81' lang='lat' dir='ltr'><strong>decessisseoenset</strong></span> <span class='ocrx_word' id='word_1_138' title='bbox 914 2187 920 2198; x_wconf 66' lang='grc'>’</span> 
     </span>
    </p>

    <p class='ocr_par' dir='ltr' id='par_1_4' title="bbox 343 2304 1482 3656">
     <span class='ocr_line' id='line_1_17' title="bbox 418 2304 1480 2397; baseline 0.004 -24"><span class='ocrx_word' id='word_1_139' title='bbox 418 2316 422 2321; x_wconf 84' lang='grc'><strong><em>’</em></strong></span> <span class='ocrx_word' id='word_1_140' title='bbox 446 2310 485 2394; x_wconf 91' lang='lat' dir='ltr'><strong>d)</strong></span> <span class='ocrx_word' id='word_1_141' title='bbox 502 2311 798 2394; x_wconf 52' lang='lat' dir='ltr'><strong>*ObjeetioUsserib</strong></span> <span class='ocrx_word' id='word_1_142' title='bbox 823 2304 948 2372; x_wconf 79' lang='lat' dir='ltr'><strong>detecto</strong></span> <span class='ocrx_word' id='word_1_143' title='bbox 963 2306 1126 2391; x_wconf 85' lang='lat' dir='ltr'><strong>exemplari</strong></span> <span class='ocrx_word' id='word_1_144' title='bbox 1149 2328 1270 2395; x_wconf 34' lang='lat' dir='ltr'><strong>graeco·</strong></span> <span class='ocrx_word' id='word_1_145' title='bbox 1286 2310 1392 2393; x_wconf 87' lang='lat' dir='ltr'><strong>diluta,</strong></span> <span class='ocrx_word' id='word_1_146' title='bbox 1419 2317 1480 2397; x_wconf 91' lang='lat' dir='ltr'><strong>jam</strong></span> 
     </span>
     <span class='ocr_line' id='line_1_18' title="bbox 343 2405 1480 2502; baseline 0 -22"><span class='ocrx_word' id='word_1_147' title='bbox 343 2408 371 2480; x_wconf 54' lang='lat' dir='ltr'><strong>“a</strong></span> <span class='ocrx_word' id='word_1_148' title='bbox 389 2415 498 2480; x_wconf 88' lang='lat' dir='ltr'><strong>Grabio</strong></span> <span class='ocrx_word' id='word_1_149' title='bbox 515 2423 561 2479; x_wconf 92' lang='lat' dir='ltr'><strong>est</strong></span> <span class='ocrx_word' id='word_1_150' title='bbox 576 2417 694 2480; x_wconf 52' lang='lat' dir='ltr'><strong>omissae</strong></span> <span class='ocrx_word' id='word_1_151' title='bbox 740 2405 878 2478; x_wconf 81' lang='lat' dir='ltr'><strong>Ueserius</strong></span> <span class='ocrx_word' id='word_1_152' title='bbox 900 2415 930 2477; x_wconf 93' lang='lat' dir='ltr'><strong>in</strong></span> <span class='ocrx_word' id='word_1_153' title='bbox 954 2415 1060 2477; x_wconf 87' lang='lat' dir='ltr'><strong>codiee</strong></span> <span class='ocrx_word' id='word_1_154' title='bbox 1077 2413 1195 2477; x_wconf 87' lang='lat' dir='ltr'><strong>Caiensi</strong></span> <span class='ocrx_word' id='word_1_155' title='bbox 1216 2415 1334 2498; x_wconf 83' lang='lat' dir='ltr'><strong>legebat</strong></span> <span class='ocrx_word' id='word_1_156' title='bbox 1351 2415 1395 2499; x_wconf 82' lang='lat' dir='ltr'><strong>(o.</strong></span> <span class='ocrx_word' id='word_1_157' title='bbox 1412 2415 1480 2502; x_wconf 81' lang='grc'>4.);</span> 
     </span>
     <span class='ocr_line' id='line_1_19' title="bbox 350 2521 1482 2602; baseline 0.001 -19"><span class='ocrx_word' id='word_1_158' title='bbox 350 2541 412 2601; x_wconf 86' lang='lat' dir='ltr'><strong>per</strong></span> <span class='ocrx_word' id='word_1_159' title='bbox 438 2523 745 2601; x_wconf 82' lang='lat' dir='ltr'><strong>praecedentes</strong></span> <span class='ocrx_word' id='word_1_160' title='bbox 778 2521 899 2584; x_wconf 84' lang='lat' dir='ltr'><strong>litteras</strong></span> <span class='ocrx_word' id='word_1_161' title='bbox 932 2522 1057 2602; x_wconf 74' lang='lat' dir='ltr'><strong>pretias</strong></span> <span class='ocrx_word' id='word_1_162' title='bbox 1090 2539 1203 2600; x_wconf 84' lang='lat' dir='ltr'><strong>opens,</strong></span> <span class='ocrx_word' id='word_1_163' title='bbox 1240 2523 1406 2600; x_wconf 83' lang='lat' dir='ltr'><strong>appositos</strong></span> <span class='ocrx_word' id='word_1_164' title='bbox 1438 2523 1482 2584; x_wconf 86' lang='lat' dir='ltr'><strong>od</strong></span> 
     </span>
     <span class='ocr_line' id='line_1_20' title="bbox 353 2624 1481 2707; baseline 0.002 -20"><span class='ocrx_word' id='word_1_165' title='bbox 353 2629 443 2706; x_wconf 85' lang='lat' dir='ltr'><strong>ipsos</strong></span> <span class='ocrx_word' id='word_1_166' title='bbox 463 2633 520 2689; x_wconf 89' lang='lat' dir='ltr'><strong>eto.</strong></span> <span class='ocrx_word' id='word_1_167' title='bbox 555 2624 645 2689; x_wconf 65' lang='lat' dir='ltr'><strong>&#39;Hinc&#39;</strong></span> <span class='ocrx_word' id='word_1_168' title='bbox 664 2626 710 2689; x_wconf 90' lang='lat' dir='ltr'><strong>vir</strong></span> <span class='ocrx_word' id='word_1_169' title='bbox 734 2626 922 2690; x_wconf 88' lang='lat' dir='ltr'><strong>doctissimus</strong></span> <span class='ocrx_word' id='word_1_170' title='bbox 946 2625 1108 2703; x_wconf 86' lang='lat' dir='ltr'><strong>conclusit,</strong></span> <span class='ocrx_word' id='word_1_171' title='bbox 1134 2632 1315 2707; x_wconf 87' lang='lat' dir='ltr'><strong>postremam</strong></span> <span class='ocrx_word' id='word_1_172' title='bbox 1337 2630 1481 2689; x_wconf 82' lang='lat' dir='ltr'><strong>Actorum</strong></span> 
     </span>
     <span class='ocr_line' id='line_1_21' title="bbox 351 2731 1480 2819; baseline -0.001 -24"><span class='ocrx_word' id='word_1_173' title='bbox 351 2740 470 2813; x_wconf 86' lang='lat' dir='ltr'><strong>partem</strong></span> <span class='ocrx_word' id='word_1_174' title='bbox 493 2733 529 2794; x_wconf 90' lang='lat' dir='ltr'><strong>ab</strong></span> <span class='ocrx_word' id='word_1_175' title='bbox 553 2732 610 2794; x_wconf 87' lang='lat' dir='ltr'><strong>illo</strong></span> <span class='ocrx_word' id='word_1_176' title='bbox 626 2732 773 2813; x_wconf 90' lang='lat' dir='ltr'><strong>scriptore</strong></span> <span class='ocrx_word' id='word_1_177' title='bbox 795 2732 890 2794; x_wconf 89' lang='lat' dir='ltr'><strong>seculi</strong></span> <span class='ocrx_word' id='word_1_178' title='bbox 906 2732 999 2812; x_wconf 91' lang='lat' dir='ltr'><strong>quinti</strong></span> <span class='ocrx_word' id='word_1_179' title='bbox 1016 2731 1277 2819; x_wconf 4' lang='lat' dir='ltr'><strong>essebconfectaun</strong></span> <span class='ocrx_word' id='word_1_180' title='bbox 1301 2733 1352 2813; x_wconf 86' lang='lat' dir='ltr'><strong>qui</strong></span> <span class='ocrx_word' id='word_1_181' title='bbox 1369 2750 1480 2815; x_wconf 81' lang='lat' dir='ltr'><strong>graeca</strong></span> 
     </span>
     <span class='ocr_line' id='line_1_22' title="bbox 350 2833 1480 2921; baseline 0 -22"><span class='ocrx_word' id='word_1_182' title='bbox 350 2836 428 2899; x_wconf 88' lang='lat' dir='ltr'><strong>Acta</strong></span> <span class='ocrx_word' id='word_1_183' title='bbox 453 2833 482 2899; x_wconf 84' lang='lat' dir='ltr'><strong>iii</strong></span> <span class='ocrx_word' id='word_1_184' title='bbox 499 2837 632 2901; x_wconf 81' lang='lat' dir='ltr'><strong>Latinum</strong></span> <span class='ocrx_word' id='word_1_185' title='bbox 654 2854 822 2901; x_wconf 90' lang='lat' dir='ltr'><strong>sermonem</strong></span> <span class='ocrx_word' id='word_1_186' title='bbox 847 2835 1002 2915; x_wconf 81' lang='lat' dir='ltr'><strong>transtulit,</strong></span> <span class='ocrx_word' id='word_1_187' title='bbox 1026 2836 1250 2921; x_wconf 85' lang='lat' dir='ltr'><strong>exemplariquo</strong></span> <span class='ocrx_word' id='word_1_188' title='bbox 1269 2853 1324 2898; x_wconf 91' lang='lat' dir='ltr'><strong>suo</strong></span> <span class='ocrx_word' id='word_1_189' title='bbox 1341 2836 1480 2920; x_wconf 83' lang='lat' dir='ltr'><strong>syllogen</strong></span> 
     </span>
     <span class='ocr_line' id='line_1_23' title="bbox 350 2940 1479 3023; baseline 0.003 -22"><span class='ocrx_word' id='word_1_190' title='bbox 350 2941 546 3022; x_wconf 88' lang='lat' dir='ltr'><strong>epistolarum</strong></span> <span class='ocrx_word' id='word_1_191' title='bbox 569 2940 673 3023; x_wconf 81' lang='lat' dir='ltr'><strong>Ignatii</strong></span> <span class='ocrx_word' id='word_1_192' title='bbox 695 2940 868 3022; x_wconf 89' lang='lat' dir='ltr'><strong>praeposuit</strong></span> <span class='ocrx_word' id='word_1_193' title='bbox 876 2958 885 3016; x_wconf 82' lang='lat'><em>3</em></span> <span class='ocrx_word' id='word_1_194' title='bbox 919 2958 1006 3022; x_wconf 89' lang='lat' dir='ltr'><strong>quam</strong></span> <span class='ocrx_word' id='word_1_195' title='bbox 1031 2943 1266 3020; x_wconf 86' lang='lat' dir='ltr'><strong>praecedentem</strong></span> <span class='ocrx_word' id='word_1_196' title='bbox 1288 2940 1479 3021; x_wconf 89' lang='lat' dir='ltr'><strong>epistolarum</strong></span> 
     </span>
     <span class='ocr_line' id='line_1_24' title="bbox 350 3038 1477 3128; baseline 0.001 -19"><span class='ocrx_word' id='word_1_197' title='bbox 350 3046 493 3128; x_wconf 60' lang='lat' dir='ltr'><strong>sylloden</strong></span> <span class='ocrx_word' id='word_1_198' title='bbox 526 3046 627 3110; x_wconf 87' lang='lat' dir='ltr'><strong>verbis</strong></span> <span class='ocrx_word' id='word_1_199' title='bbox 661 3038 997 3124; x_wconf 75' lang='lat' dir='ltr'><strong>iltis:‘&#39;&#39;preecedentes</strong></span> <span class='ocrx_word' id='word_1_200' title='bbox 1029 3047 1151 3108; x_wconf 82' lang='lat' dir='ltr'><strong>litteras</strong></span> <span class='ocrx_word' id='word_1_201' title='bbox 1185 3043 1309 3108; x_wconf 85' lang='lat' dir='ltr'><strong>indicari</strong></span> <span class='ocrx_word' id='word_1_202' title='bbox 1339 3045 1477 3111; x_wconf 86' lang='lat' dir='ltr'><strong>Usserius</strong></span> 
     </span>
     <span class='ocr_line' id='line_1_25' title="bbox 349 3139 1477 3234; baseline 0.002 -23"><span class='ocrx_word' id='word_1_203' title='bbox 349 3151 518 3231; x_wconf 89' lang='lat' dir='ltr'><strong>suspicatus</strong></span> <span class='ocrx_word' id='word_1_204' title='bbox 540 3157 593 3212; x_wconf 89' lang='lat' dir='ltr'><strong>est.</strong></span> <span class='ocrx_word' id='word_1_205' title='bbox 632 3151 690 3216; x_wconf 89' lang='lat' dir='ltr'><strong>Sed</strong></span> <span class='ocrx_word' id='word_1_206' title='bbox 707 3151 834 3234; x_wconf 82' lang='lat' dir='ltr'><strong>graeca:</strong></span> <span class='ocrx_word' id='word_1_207' title='bbox 848 3144 865 3209; x_wconf 83' lang='grc'><strong>’.</strong></span> <span class='ocrx_word' id='word_1_208' title='bbox 878 3193 905 3210; x_wconf 92' lang='grc'><strong>..</strong></span> <span class='ocrx_word' id='word_1_209' title='bbox 922 3145 979 3213; x_wconf 72' lang='lat' dir='ltr'><strong>dte?</strong></span> <span class='ocrx_word' id='word_1_210' title='bbox 993 3154 1058 3212; x_wconf 82' lang='grc' dir='ltr'><strong>τῶν</strong></span> <span class='ocrx_word' id='word_1_211' title='bbox 1072 3142 1266 3234; x_wconf 74' lang='grc' dir='ltr'><em>ἡγουμένω,</em></span> <span class='ocrx_word' id='word_1_212' title='bbox 1287 3139 1477 3234; x_wconf 70' lang='grc' dir='ltr'><em>γραμμάτων</em></span> 
     </span>
     <span class='ocr_line' id='line_1_26' title="bbox 349 3241 1476 3341; baseline 0 -24"><span class='ocrx_word' id='word_1_213' title='bbox 349 3249 548 3340; x_wconf 66' lang='lat' dir='ltr'><strong>adpropiarent</strong></span> <span class='ocrx_word' id='word_1_214' title='bbox 569 3248 818 3341; x_wconf 69' lang='grc' dir='ltr'><em>ἐκπεμφθέντων</em></span> <span class='ocrx_word' id='word_1_215' title='bbox 838 3275 864 3314; x_wconf 87' lang='grc' dir='ltr'><strong>κ.</strong></span> <span class='ocrx_word' id='word_1_216' title='bbox 882 3260 910 3315; x_wconf 80' lang='grc' dir='ltr'><strong>τ’.</strong></span> <span class='ocrx_word' id='word_1_217' title='bbox 932 3251 962 3326; x_wconf 60' lang='lat' dir='ltr'><strong>i„</strong></span> <span class='ocrx_word' id='word_1_218' title='bbox 982 3255 1021 3316; x_wconf 88' lang='lat' dir='ltr'><strong>ita</strong></span> <span class='ocrx_word' id='word_1_219' title='bbox 1043 3241 1205 3318; x_wconf 81' lang='lat' dir='ltr'><strong>reddantur</strong></span> <span class='ocrx_word' id='word_1_220' title='bbox 1228 3260 1361 3335; x_wconf 90' lang='lat' dir='ltr'><strong>oportet:</strong></span> <span class='ocrx_word' id='word_1_221' title='bbox 1384 3263 1476 3335; x_wconf 80' lang='lat' dir='ltr'><strong>etque</strong></span> 
     </span>
     <span class='ocr_line' id='line_1_27' title="bbox 350 3347 1474 3447; baseline -0.002 -25"><span class='ocrx_word' id='word_1_222' title='bbox 350 3361 505 3436; x_wconf 82' lang='lat' dir='ltr'><strong>ecclesiis,</strong></span> <span class='ocrx_word' id='word_1_223' title='bbox 529 3376 610 3440; x_wconf 81' lang='lat' dir='ltr'><strong>poue</strong></span> <span class='ocrx_word' id='word_1_224' title='bbox 633 3361 703 3441; x_wconf 70' lang='lat' dir='ltr'><strong>ipsi</strong></span> <span class='ocrx_word' id='word_1_225' title='bbox 706 3379 765 3441; x_wconf 86' lang='lat' dir='ltr'><strong>per</strong></span> <span class='ocrx_word' id='word_1_226' title='bbox 781 3368 925 3447; x_wconf 84' lang='lat' dir='ltr'><strong>rectores·</strong></span> <span class='ocrx_word' id='word_1_227' title='bbox 936 3347 1150 3444; x_wconf 70' lang='grc' dir='ltr'><em>(ἡγουμένων)</em></span> <span class='ocrx_word' id='word_1_228' title='bbox 1168 3377 1243 3420; x_wconf 80' lang='lat' dir='ltr'><strong>suos</strong></span> <span class='ocrx_word' id='word_1_229' title='bbox 1260 3366 1474 3436; x_wconf 81' lang='lat' dir='ltr'><strong>occurrerent,</strong></span> 
     </span>
     <span class='ocr_line' id='line_1_28' title="bbox 348 3450 1476 3548; baseline -0.002 -21"><span class='ocrx_word' id='word_1_230' title='bbox 348 3461 520 3527; x_wconf 85' lang='lat' dir='ltr'><strong>mercedem</strong></span> <span class='ocrx_word' id='word_1_231' title='bbox 542 3465 696 3542; x_wconf 86' lang='lat' dir='ltr'><strong>redderet,</strong></span> <span class='ocrx_word' id='word_1_232' title='bbox 717 3465 842 3546; x_wconf 78' lang='lat' dir='ltr'><strong>pretias</strong></span> <span class='ocrx_word' id='word_1_233' title='bbox 860 3456 958 3545; x_wconf 82' lang='lat' dir='ltr'><strong>opens</strong></span> <span class='ocrx_word' id='word_1_234' title='bbox 979 3463 1092 3525; x_wconf 84' lang='lat' dir='ltr'><strong>litteris</strong></span> <span class='ocrx_word' id='word_1_235' title='bbox 1109 3450 1338 3548; x_wconf 76' lang='grc' dir='ltr'><em>(γραμμάτων)</em></span> <span class='ocrx_word' id='word_1_236' title='bbox 1358 3464 1401 3525; x_wconf 88' lang='lat' dir='ltr'><strong>nd</strong></span> <span class='ocrx_word' id='word_1_237' title='bbox 1421 3481 1476 3525; x_wconf 87' lang='lat' dir='ltr'><strong>ees</strong></span> 
     </span>
     <span class='ocr_line' id='line_1_29' title="bbox 346 3563 1443 3656; baseline -0.001 -27"><span class='ocrx_word' id='word_1_238' title='bbox 346 3568 455 3630; x_wconf 82' lang='lat' dir='ltr'><strong>missis</strong></span> <span class='ocrx_word' id='word_1_239' title='bbox 477 3563 569 3651; x_wconf 83' lang='lat' dir='ltr'><strong>(Cod.</strong></span> <span class='ocrx_word' id='word_1_240' title='bbox 594 3569 727 3632; x_wconf 89' lang='lat' dir='ltr'><strong>Caieusis</strong></span> <span class='ocrx_word' id='word_1_241' title='bbox 751 3568 843 3632; x_wconf 86' lang='lat' dir='ltr'><strong>male:</strong></span> <span class='ocrx_word' id='word_1_242' title='bbox 867 3565 1031 3649; x_wconf 82' lang='lat' dir='ltr'><strong>appositus</strong></span> <span class='ocrx_word' id='word_1_243' title='bbox 1053 3568 1096 3629; x_wconf 88' lang='lat' dir='ltr'><strong>ad</strong></span> <span class='ocrx_word' id='word_1_244' title='bbox 1118 3563 1245 3648; x_wconf 83' lang='lat' dir='ltr'><strong>ipsos).·-</strong></span> <span class='ocrx_word' id='word_1_245' title='bbox 1433 3648 1443 3656; x_wconf 25' lang='grc' dir='ltr'>ι</span> 
     </span>
    </p>

    <p class='ocr_par' dir='ltr' id='par_1_5' title="bbox 347 3656 1475 4068">
     <span class='ocr_line' id='line_1_30' title="bbox 440 3656 1475 3754; baseline -0.003 -18"><span class='ocrx_word' id='word_1_246' title='bbox 440 3668 601 3745; x_wconf 76' lang='lat' dir='ltr'><strong>Ouum&#39;res</strong></span> <span class='ocrx_word' id='word_1_247' title='bbox 617 3675 657 3737; x_wconf 88' lang='lat' dir='ltr'><strong>ita</strong></span> <span class='ocrx_word' id='word_1_248' title='bbox 672 3689 706 3736; x_wconf 90' lang='lat' dir='ltr'><strong>se</strong></span> <span class='ocrx_word' id='word_1_249' title='bbox 723 3656 837 3750; x_wconf 83' lang='lat' dir='ltr'><strong>habeat,</strong></span> <span class='ocrx_word' id='word_1_250' title='bbox 862 3673 1024 3754; x_wconf 87' lang='lat' dir='ltr'><strong>objectioni</strong></span> <span class='ocrx_word' id='word_1_251' title='bbox 1039 3665 1153 3734; x_wconf 88' lang='lat' dir='ltr'><strong>Usserii</strong></span> <span class='ocrx_word' id='word_1_252' title='bbox 1175 3669 1283 3733; x_wconf 86' lang='lat' dir='ltr'><strong>nullan</strong></span> <span class='ocrx_word' id='word_1_253' title='bbox 1298 3670 1357 3732; x_wconf 90' lang='lat' dir='ltr'><strong>vim</strong></span> <span class='ocrx_word' id='word_1_254' title='bbox 1373 3669 1475 3733; x_wconf 85' lang='lat' dir='ltr'><strong>inesse</strong></span> 
     </span>
     <span class='ocr_line' id='line_1_31' title="bbox 348 3774 1475 3860; baseline -0.002 -23"><span class='ocrx_word' id='word_1_255' title='bbox 348 3774 437 3838; x_wconf 86' lang='lat' dir='ltr'><strong>tacite</strong></span> <span class='ocrx_word' id='word_1_256' title='bbox 459 3778 639 3859; x_wconf 86' lang='lat' dir='ltr'><strong>perspicies,</strong></span> <span class='ocrx_word' id='word_1_257' title='bbox 662 3777 822 3860; x_wconf 81' lang='lat' dir='ltr'><strong>nequede</strong></span> <span class='ocrx_word' id='word_1_258' title='bbox 846 3777 1025 3858; x_wconf 75' lang='lat' dir='ltr'><strong>intepretete</strong></span> <span class='ocrx_word' id='word_1_259' title='bbox 1048 3776 1190 3840; x_wconf 87' lang='lat' dir='ltr'><strong>Actorum</strong></span> <span class='ocrx_word' id='word_1_260' title='bbox 1217 3774 1380 3854; x_wconf 88' lang='lat' dir='ltr'><strong>dubitabis,</strong></span> <span class='ocrx_word' id='word_1_261' title='bbox 1403 3775 1475 3837; x_wconf 89' lang='lat' dir='ltr'><strong>licet</strong></span> 
     </span>
     <span class='ocr_line' id='line_1_32' title="bbox 347 3879 1474 3965; baseline -0.005 -22"><span class='ocrx_word' id='word_1_262' title='bbox 347 3879 478 3944; x_wconf 83' lang='lat' dir='ltr'><strong>tortasse</strong></span> <span class='ocrx_word' id='word_1_263' title='bbox 501 3883 676 3964; x_wconf 85' lang='lat' dir='ltr'><strong>paucissima</strong></span> <span class='ocrx_word' id='word_1_264' title='bbox 698 3882 854 3965; x_wconf 83' lang='lat' dir='ltr'><strong>quaedam,</strong></span> <span class='ocrx_word' id='word_1_265' title='bbox 877 3888 927 3945; x_wconf 88' lang='lat' dir='ltr'><strong>aut</strong></span> <span class='ocrx_word' id='word_1_266' title='bbox 948 3881 1020 3945; x_wconf 88' lang='lat' dir='ltr'><strong>vitio</strong></span> <span class='ocrx_word' id='word_1_267' title='bbox 1043 3881 1231 3945; x_wconf 89' lang='lat' dir='ltr'><strong>librariorum</strong></span> <span class='ocrx_word' id='word_1_268' title='bbox 1250 3884 1400 3960; x_wconf 85' lang='lat' dir='ltr'><strong>corrupta,</strong></span> <span class='ocrx_word' id='word_1_269' title='bbox 1424 3881 1474 3939; x_wconf 87' lang='lat' dir='ltr'><strong>aut</strong></span> 
     </span>
     <span class='ocr_line' id='line_1_33' title="bbox 347 3985 919 4068; baseline 0.003 -22"><span class='ocrx_word' id='word_1_270' title='bbox 347 3985 484 4049; x_wconf 88' lang='lat' dir='ltr'><strong>manibus</strong></span> <span class='ocrx_word' id='word_1_271' title='bbox 505 3987 705 4068; x_wconf 89' lang='lat' dir='ltr'><strong>posteriorum</strong></span> <span class='ocrx_word' id='word_1_272' title='bbox 729 3986 828 4049; x_wconf 86' lang='lat' dir='ltr'><strong>addita</strong></span> <span class='ocrx_word' id='word_1_273' title='bbox 845 3986 919 4049; x_wconf 85' lang='lat' dir='ltr'><strong>sint.</strong></span> 
     </span>
    </p>

    <p class='ocr_par' dir='ltr' id='par_1_6' title="bbox 347 4076 1472 4276">
     <span class='ocr_line' id='line_1_34' title="bbox 436 4076 1472 4172; baseline -0.015 -20"><span class='ocrx_word' id='word_1_274' title='bbox 436 4089 470 4152; x_wconf 83' lang='lat' dir='ltr'><strong>V.</strong></span> <span class='ocrx_word' id='word_1_275' title='bbox 513 4089 638 4155; x_wconf 86' lang='lat' dir='ltr'><strong>Exstant</strong></span> <span class='ocrx_word' id='word_1_276' title='bbox 665 4088 860 4171; x_wconf 84' lang='lat' dir='ltr'><strong>interpolate</strong></span> <span class='ocrx_word' id='word_1_277' title='bbox 888 4108 1009 4172; x_wconf 91' lang='lat' dir='ltr'><strong>quoque</strong></span> <span class='ocrx_word' id='word_1_278' title='bbox 1040 4097 1105 4154; x_wconf 84' lang='lat' dir='ltr'><strong>eota</strong></span> <span class='ocrx_word' id='word_1_279' title='bbox 1135 4088 1270 4171; x_wconf 70' lang='lat' dir='ltr'><strong>Martyrii</strong></span> <span class='ocrx_word' id='word_1_280' title='bbox 1300 4085 1329 4152; x_wconf 88' lang='lat' dir='ltr'><strong>S.</strong></span> <span class='ocrx_word' id='word_1_281' title='bbox 1356 4076 1472 4163; x_wconf 81' lang='lat' dir='ltr'><strong>Ignatii,</strong></span> 
     </span>
     <span class='ocr_line' id='line_1_35' title="bbox 347 4194 802 4276; baseline 0.002 -18"><span class='ocrx_word' id='word_1_282' title='bbox 347 4212 446 4276; x_wconf 89' lang='lat' dir='ltr'><strong>eaque</strong></span> <span class='ocrx_word' id='word_1_283' title='bbox 468 4194 546 4261; x_wconf 89' lang='lat' dir='ltr'><strong>inter</strong></span> <span class='ocrx_word' id='word_1_284' title='bbox 568 4213 603 4260; x_wconf 86' lang='lat' dir='ltr'><strong>se</strong></span> <span class='ocrx_word' id='word_1_285' title='bbox 626 4197 761 4260; x_wconf 84' lang='lat' dir='ltr'><strong>diuersa:</strong></span> <span class='ocrx_word' id='word_1_286' title='bbox 798 4252 802 4259; x_wconf 87' lang='grc'><em>,</em></span> 
     </span>
    </p>
   </div>
   <div class='ocr_carea' id='block_1_3' title="bbox 383 4402 1272 4536">
    <p class='ocr_par' dir='ltr' id='par_1_7' title="bbox 383 4402 1272 4536">
     <span class='ocr_line' id='line_1_36' title="bbox 383 4402 1272 4536; baseline -0.004 -65"><span class='ocrx_word' id='word_1_287' title='bbox 383 4420 412 4488; x_wconf 88' lang='grc'><strong>1)</strong></span> <span class='ocrx_word' id='word_1_288' title='bbox 429 4418 496 4472; x_wconf 76' lang='lat' dir='ltr'><strong>Vide</strong></span> <span class='ocrx_word' id='word_1_289' title='bbox 514 4405 599 4471; x_wconf 68' lang='lat' dir='ltr'><strong>nomm</strong></span> <span class='ocrx_word' id='word_1_290' title='bbox 617 4402 684 4494; x_wconf 76' lang='lat' dir='ltr'><strong>ded</strong></span> <span class='ocrx_word' id='word_1_291' title='bbox 703 4434 726 4472; x_wconf 88' lang='lat' dir='ltr'><strong>e.</strong></span> <span class='ocrx_word' id='word_1_292' title='bbox 745 4418 761 4494; x_wconf 78' lang='lat'><strong>.⁷</strong></span> <span class='ocrx_word' id='word_1_293' title='bbox 780 4418 882 4488; x_wconf 76' lang='lat' dir='ltr'><strong>ldartpr.</strong></span> <span class='ocrx_word' id='word_1_294' title='bbox 900 4410 981 4489; x_wconf 66' lang='lat' dir='ltr'><strong>leuat.</strong></span> <span class='ocrx_word' id='word_1_295' title='bbox 1000 4420 1063 4473; x_wconf 77' lang='lat' dir='ltr'><strong>iuba</strong></span> <span class='ocrx_word' id='word_1_296' title='bbox 1082 4435 1108 4486; x_wconf 90' lang='lat' dir='ltr'><strong>p.</strong></span> <span class='ocrx_word' id='word_1_297' title='bbox 1128 4419 1187 4470; x_wconf 80' lang='lat'>255.</span> <span class='ocrx_word' id='word_1_298' title='bbox 1244 4436 1272 4536; x_wconf 44' lang='lat'><strong>„¹</strong></span> 
     </span>
    </p>
   </div>
   <div class='ocr_carea' id='block_1_4' title="bbox 0 0 1834 5209">
    <p class='ocr_par' dir='ltr' id='par_1_8' title="bbox 0 0 1834 5209">
     <span class='ocr_line' id='line_1_37' title="bbox 0 0 1834 5209; baseline 0 4"><span class='ocrx_word' id='word_1_299' title='bbox 0 0 1834 5209; x_wconf 95' lang='lat' dir='ltr'><strong> </strong></span> 
     </span>
    </p>
   </div>
  </div>
 </body>
</html>
