3659 5209
438 560 482 625 50
547 540 552 546 ’
772 502 951 608 mmm
969 553 1134 610 ενιετοιι.
1160 555 1225 611 ιιι

436 717 499 783 τῶν
520 710 619 804 ἔργων
633 707 730 779 αύτοῶ
744 713 974 779 συναπολεῖται.
1005 707 1069 778 Διά
1082 713 1178 779 τοῦτο
1193 704 1374 791 άνάστασις,
1397 705 1460 778 διά
1474 713 1562 779 τοῦτο

436 811 655 894 α’ωταπόδοσις.
699 810 830 908 Ἐρωτῶ
856 813 931 892 τούς
959 808 1186 904 ὑπερέχοντας,
1215 817 1247 884 εἲ
1266 811 1337 884 τινά
1357 841 1425 900 μου
1448 811 1562 905 γνώμης

435 917 560 1013 άγαθῆς
577 915 749 1008 λαμβάνετε
762 919 967 1006 συμβουλίαν·
989 917 1084 1004 ἔχετε,
1108 920 1154 998 εἰς
1168 914 1224 999 οίίς
1237 917 1473 1012 εύεργάσασθε,
1494 917 1562 1006 μεθ’

434 1027 567 1096 ἑαυτῶν·
589 1025 632 1116 μή
655 1025 888 1115 ἐγκαταλίπητε.
926 1020 1034 1112 Ἐγγύς
1050 1022 1111 1115 γάρ
1127 1020 1236 1116 ἡμέρα,
1256 1027 1287 1093 ἐν
1301 1020 1322 1114 ᾗ
1336 1029 1561 1095 συναπολεῖται

434 1127 538 1199 πάντα
558 1136 605 1218 τῷ
627 1134 762 1221 πονηρῷ.
798 1126 907 1217 Ἐγγύς
929 1126 947 1196 ὁ
969 1123 1074 1219 κύριος
1094 1131 1146 1198 καί
1168 1126 1186 1198 ὁ
1208 1126 1465 1217 μισθὸςαύτοῦ.
1496 1126 1560 1198 ’Ἔτι

431 1238 481 1305 καί
504 1235 552 1305 ἔτι
573 1239 683 1328 ἐρωτῶ
704 1231 801 1321 ύμάς·
822 1236 941 1302 έαυιῶν
959 1235 1087 1322 γίνεσθε
1101 1236 1272 1320 νομοθέται
1287 1232 1425 1323 α’γαθοὶ,
1449 1235 1559 1304 ἑαυτῶν

430 1341 536 1425 μένετε
569 1335 740 1425 σύμβουλοι
773 1340 899 1420 πιστοί,
933 1335 1031 1429 άρατε
1064 1340 1098 1422 ἐξ
1129 1335 1215 1426 ὑμῶν
1247 1346 1354 1409 πᾶσαν
1387 1336 1559 1434 ὑπόκρισιν.

435 1439 487 1512 ΙὉ
509 1445 545 1511 δέ
564 1442 653 1525 Θεός,
677 1439 695 1510 ὁ
718 1442 837 1520 παντὸς
857 1448 915 1511 τοῦ
936 1439 1054 1529 κόσμου
1075 1437 1229 1567 κυριεύων,
1251 1438 1317 1535 δοίη
1339 1439 1417 1530 ύμῖν
1428 1446 1558 1572 σοφίαν,

327 1618 337 1628 ,
429 1543 615 1639 ἐπιστήμην,
645 1543 779 1628 σύνεσιν,
808 1553 919 1636 γνῶσιν
939 1553 1002 1616 τῶν
1024 1548 1177 1635 δικαιωρ’
1148 1576 1241 1617 ιαιων
1268 1546 1385 1630 αὐτοῦ,
1422 1549 1457 1618 ἐν
1486 1547 1557 1618 ύπο

428 1658 514 1744 μονῇ.
560 1653 694 1720 Γίνεσθε
723 1651 760 1718 δὲ
787 1653 1008 1734 θεοδίδακτοι,
1039 1653 1247 1782 ἐκζητούπες,
1277 1653 1309 1719 τί
1338 1655 1435 1743 ζητεῖ
1462 1650 1557 1746 κύριος

429 1752 488 1886 ’άφ
508 1750 610 1885 ρμῶν,
638 1757 689 1822 καί
711 1759 849 1838 ποιεῖτε,
875 1755 926 1824 ἵνα
948 1761 1116 1848 σωθητε
1098 1786 1130 1828 εν
1151 1787 1182 1845 νγ
1159 1759 1251 1850 μέρρι
1272 1759 1420 1849 κρίσεως.
1466 1761 1508 1830 Εί
1527 1761 1555 1829 δέ

427 1863 477 1939 τίς
504 1859 605 1930 ἐστιν
614 1858 741 1951 άγαθοῦ
767 1863 871 1948 μνεία,
900 1861 1102 1954 μνημονεύετέ
1128 1890 1206 1952 μου,
1235 1867 1433 1949 μελετῶντες
1454 1872 1554 1948 ταῦτα,

426 1961 477 2033 ἵνα
506 1966 557 2033 καί
586 1961 606 2057 ἡ
634 1967 792 2054 ἐπιθυμία
819 1969 871 2035 καί
898 1964 918 2058 ἡ
948 1965 1103 2060 ἀγρυπνία
1130 1968 1177 2048 είς
1204 1994 1237 2036 τι
1265 1965 1395 2057 οἷγαθὸν
1427 1969 1552 2064 χωρὴση

425 2067 551 2162 Ἐρωτῶ
570 2066 659 2158 άμᾶς,
682 2069 772 2163 χάριν
794 2069 982 2159 αἰτούμενος.
1018 2068 1070 2151 Ὡς
1092 2073 1140 2142 ἐτι
1160 2071 1199 2142 τά
1220 2070 1313 2142 καλὸν
1335 2073 1478 2154 έσκεῠὸς
1496 2078 1552 2146 ἐστι

1106 2176 1115 2198 7
1149 2184 1163 2199 u
1239 2175 1248 2199 Ἰ
1297 2178 1305 2197 ἱ
1452 2187 1468 2201 ιν

424 2283 544 2371 ζητεῖτε
576 2287 710 2370 ταῦτα,
730 2283 783 2350 καί
818 2279 1035 2375 άναπληροῦτε
1071 2289 1177 2352 πάσαν
1213 2278 1353 2374 ἐντοίάμ·
1393 2287 1465 2355 ἐστι
1500 2283 1549 2377 γάρ

423 2392 523 2455 ταῦτα
555 2383 636 2471 άξια.
688 2385 750 2455 Διό
780 2390 896 2472 μᾶλλον
926 2386 1110 2458 ἐσπούδασα
1140 2382 1280 2480 γράψαι,
1314 2385 1375 2482 ἀφ’
1406 2385 1455 2460 ὦν
1483 2388 1545 2483 ἠδυ-

422 2486 535 2581 νήθην,
567 2492 612 2569 εἷς
639 2488 678 2558 τὸ
705 2487 858 2583 εὐφράναι
885 2487 974 2579 ύμάς.
1027 2489 1192 2576 Σῶζεσθε,
1225 2488 1352 2584 ἀγάπης
1382 2495 1479 2565 τέκνα
1503 2496 1544 2563 καί

422 2592 548 2688 εἰρήνης.
598 2591 631 2664 Ὁ
659 2591 765 2686 κύριος
793 2602 850 2686 τῆς
880 2594 974 2689 δόξης
1003 2600 1055 2667 καί
1085 2594 1190 2690 πάσης
1220 2593 1354 2689 χάριτος
1384 2599 1469 2686 μετά
1496 2603 1543 2670 τοῦ

423 2696 599 2788 πνεύματος
620 2695 713 2788 ύμῶν.
756 2695 856 2791 Ἀμην.
1107 2730 1109 2733 ·

458 2880 486 2944 1)
506 2877 576 2930 Haec
590 2880 682 2930 recitat
695 2882 774 2933 Clam.
787 2882 863 2936 Alex·
878 2877 988 3034 θιιοωη
1032 2881 1061 2949 2)
1079 2879 1098 2933 1.
1118 2897 1141 2932 e.
1162 2897 1273 2952 αονγαε,
1292 2889 1321 2933 ut
1333 2842 1459 2952 Ιειιερίυι.

422 2965 453 3019 11.
474 2982 496 3018 ο.
518 2964 557 3016 18.
577 2982 601 3033 p.
620 2965 672 3017 472
690 2965 732 3019 ed.
751 2965 841 3019 venet.
