3659 5209
644 532 748 585 lllllllll
765 531 879 587 1111111111
898 533 940 586 ΕΤ
959 533 1192 589 ΡΕ118οΝ41111111.
1417 542 1482 605 469

354 693 485 746 Statius
504 693 647 758 Quadratus
672 693 808 762 proconsul
836 703 903 746 tem·
968 693 1060 762 Spiritu
1087 704 1175 748 sancto
1201 695 1347 764 impellente
1371 695 1482 766 {gnatius

390 780 834 850 4444444148.Ρ41444441234.
966 781 1192 850 Philadelphenses
1219 783 1250 835 ad
1281 784 1401 834 unionem
1432 785 1481 835 ad-

354 868 646 920 Subintroductae
665 867 725 919 418.
967 868 1159 921 1444144216.
1187 869 1293 922 Studete
1312 870 1400 920 unitati
1418 874 1481 924 ibid.

354 954 665 1023 supererogatoria
686 971 766 1021 opera
785 953 843 1007 384.
969 953 1035 1006 114111
1054 958 1107 1007 sitis
1125 956 1255 1025 Episcopo
1275 955 1334 1006 228.
1375 955 1481 1008 Unitatis

354 1040 513 1108 Superbia
532 1042 573 1093 46.
594 1041 653 1092 226.
672 1042 732 1093 406.
967 1058 1052 1093 curam
1066 1043 1321 1110 habeatPolycarpus
1334 1043 1393 1095 234.
1415 1043 1481 1095 111111

354 1126 435 1194 Syri
454 1129 673 1180 circumcisionem
692 1129 826 1180 admittunt
843 1129 885 1183 22.
965 1128 997 1178 sit
1008 1129 1033 1179 in
1042 1130 1125 1194 vohis,
1134 1131 1201 1199 quod
1214 1133 1294 1198 possit
1303 1145 1349 1183 vus
1360 1130 1480 1182 dirimere

967 1214 1025 1266 176.
1062 1215 1090 1267 14
1109 1233 1184 1267 unum
1204 1217 1414 1268 convenientibus
1432 1233 1480 1268 una

607 1290 650 1341 Τ·
965 1302 998 1352 411
1017 1304 1108 1368 oratio,
1127 1319 1176 1354 una
1189 1305 1312 1370 precatio,
1331 1320 1381 1355 una
1399 1319 1479 1368 mens,

354 1384 584 1455 Tempestatas
615 1390 672 1442 Deo
709 1389 842 1442 ordinante
878 1392 903 1441 14
965 1403 1014 1439 una
1033 1405 1107 1457 spes,
1132 1391 1158 1441 in
1177 1389 1314 1455 charitate,
1339 1392 1364 1442 in
1385 1391 1479 1460 gaudio

387 1481 453 1542 pace‘
471 1476 538 1528 aliae
555 1477 612 1528 aliis
630 1478 771 1528 succedunt
790 1477 832 1528 82.
964 1482 1052 1525 444414
1081 1475 1140 1528 178.
1177 1475 1228 1528 Cur
1253 1479 1319 1529 inter
1348 1494 1395 1530 vos
1423 1484 1481 1529 sunt

352 1557 520 1630 Templum
542 1563 797 1631 hierosolymitanum
822 1579 900 1616 eaer-
965 1564 1159 1628 contentiones,
1190 1566 1262 1629 irae,
1295 1565 1478 1629 dissensiones,

387 1664 442 1700 sum
461 1651 503 1701 42.
963 1647 1097 1700 schismata
1116 1635 1141 1700 et
1159 1649 1276 1703 bellum?
1300 1647 1391 1703 Nonne
1404 1667 1478 1703 unum

351 1732 519 1804 Templum
546 1746 745 1790 consummatum
764 1737 819 1791 Deo
844 1746 902 1789 sunt
964 1731 1047 1785 Deum
1067 1743 1093 1786 et
1110 1753 1185 1787 unum
1197 1736 1323 1789 Christum
1335 1736 1478 1790 habemus?

387 1820 519 1875 Christiani
538 1826 568 1888 73
588 1825 708 1892 templum
725 1833 839 1876 sanctum
860 1825 900 1876 14,
963 1818 1052 1873 Nonne
1080 1839 1145 1875 unus
1172 1832 1211 1876 est
1238 1824 1343 1892 Spiritus
1370 1828 1477 1894 gratiae,

387 1907 484 1977 Templi
501 1911 636 1980 spiritualis
656 1911 799 1963 aedificatio
817 1911 859 1963 42,
962 1909 1007 1975 qui
1024 1924 1102 1975 super
1120 1925 1167 1960 nos
1187 1910 1280 1962 4114444
1304 1919 1357 1976 441,
1384 1920 1410 1962 41
1429 1927 1477 1963 444

350 1995 577 2050 Tantationes
590 1997 683 2049 diaboli
701 1997 745 2050 cfr.
760 1997 899 2052 1114414144,
963 1996 1064 2045 4444114
1082 1993 1241 2048 1401414141
1267 1997 1317 2049 Cur
1336 1998 1477 2051 divellimus

350 2081 454 2136 Terra
480 2084 553 2150 jussu
578 2085 628 2137 Dei
657 2084 775 2137 alimenta
802 2083 900 2152 profert
962 2088 989 2130 et
1007 2079 1171 2147 discerpimus
1190 2083 1302 2135 membra
1321 2082 1428 2150 Christi,
1452 2093 1478 2137 et

385 2169 429 2222 82.
467 2170 569 2224 Terram
588 2172 657 2224 Deus
676 2188 752 2240 super
769 2170 900 2222 immobile
962 2176 1049 2218 contra
1068 2169 1198 2235 proprium
1217 2185 1310 2236 corpus
1326 2172 1477 2223 seditionem

385 2261 505 2326 propriae
541 2258 677 2312 voluntatis
710 2257 899 2310 fundamentum
962 2254 1113 2307 movemus?
1132 2254 1189 2308 116.
1226 2255 1281 2307 Una
1300 2266 1405 2323 certate,
1426 2274 1477 2310 una

386 2344 493 2397 iirmavit
514 2346 556 2399 96.
964 2342 1068 2407 currite,
1087 2343 1270 2410 compatimini,
1287 2359 1338 2395 una
1358 2344 1475 2412 dormite,

348 2429 597 2485 Testamentum
615 2439 688 2484 vetus
702 2431 899 2485 Christianorum
961 2443 1010 2478 unu
1030 2429 1160 2496 exsurgite
1179 2429 1238 2482 240.
1271 2429 1322 2481 etr.
1342 2434 1475 2484 Schisma.

385 2527 433 2584 est,
452 2527 478 2570 et
497 2518 562 2572 cnr?
581 2519 606 2570 6.
626 2519 670 2571 34.
821 2568 825 2575 ,
927 2511 1054 2566 Uxores
1074 2513 1260 2568 Corinthiorum
1275 2518 1300 2568 in
1318 2515 1475 2583 inculpabili,

349 2603 506 2659 Traditio.
550 2605 588 2657 hd
617 2606 737 2658 traditum
763 2605 836 2658 nobis
867 2607 898 2658 ab
959 2601 1066 2654 honesta
1085 2612 1112 2654 et
1129 2612 1198 2655 easta
1218 2605 1371 2655 conscientia
1390 2605 1474 2654 omnia

384 2695 456 2746 initio
475 2706 619 2744 sermonem
635 2700 802 2758 revertamur,
820 2694 898 2746 dere·
961 2699 1124 2758 peregerunt,
1142 2691 1276 2759 diligentes
1287 2692 1391 2742 maritos
1403 2706 1473 2756 suos,

382 2780 444 2832 licta
456 2779 636 2849 plerorumque
649 2780 761 2832 vanitate
778 2777 899 2848 falsisque
960 2786 1035 2844 prout
1053 2776 1164 2827 41141444
1182 2776 1302 2843 44414141,
1323 2783 1349 2827 41
1365 2777 1473 2829 inobe-

384 2866 507 2921 ductriuis
525 2867 585 2918 264.
961 2863 1072 2914 dientiae
1091 2878 1191 2914 canone
1209 2879 1238 2915 se
1257 2864 1416 2914 continentes
1432 2879 1473 2915 res

348 2952 527 3006 Trinitatis
546 2952 673 3005 confessio
692 2953 751 3005 116.
765 2953 825 3005 160.
839 2953 896 3006 182.
960 2948 1114 3002 domesticas
1137 2965 1194 3002 cum
1216 2950 1341 3017 gravitate
1362 2949 1473 3001 admini-

384 3040 442 3092 254.
461 3041 521 3093 294.
541 3039 601 3091 232.
619 3047 673 3092 441.
692 3041 717 3091 4.
960 3035 1073 3089 41441441
1096 3037 1139 3088 54.
1175 3035 1227 3089 Viri
1250 3051 1341 3088 uxores
1364 3037 1473 3089 4444441

347 3125 505 3179 Tristitia
522 3129 652 3196 spirituum
673 3129 851 3196 nequissimus,
871 3136 897 3179 et
959 3123 1000 3189 id,
1019 3123 1088 3193 quod
1107 3123 1200 3176 bonum
1220 3130 1273 3188 est,
1296 3123 1406 3192 dirigant
1429 3125 1471 3179 84.

382 3215 509 3282 pessimus
532 3215 614 3267 servia
632 3213 696 3280 Uei,
722 3215 818 3266 cruciat
836 3214 895 3283 Spi-
958 3210 1057 3265 Uxores
1088 3227 1173 3280 mores
1203 3212 1326 3262 castitatis
1351 3212 1472 3264 amabiles

382 3302 456 3352 ritum
474 3309 587 3355 sanetum
610 3301 669 3354 367.
959 3298 1094 3351 ostendant
1111 3301 1188 3361 ibid.;
1208 3313 1295 3365 puram
1310 3306 1336 3349 et
1348 3300 1472 3351 sinceram

346 3385 443 3438 'Turri
467 3387 576 3442 ecclesia
601 3387 753 3443 assimilatur
770 3388 821 3441 332
839 3405 894 3457 sqq.
957 3384 1154 3437 mansuetudinis
1171 3400 1233 3437 suae
1249 3384 1405 3437 voluntatem
1422 3386 1470 3438 de·

381 3472 433 3524 409
451 3489 507 3543 sqq.
915 3486 924 3504 ·
957 3479 1097 3523 monstrent
1115 3474 1192 3534 ttius
1211 3470 1313 3538 linguae
1331 3488 1393 3524 suae
1411 3488 1470 3525 mo-

958 3557 1115 3610 derationem
1124 3557 1470 3624 manilestamlaciantilid·;

601 3633 642 3687 ll·
957 3643 1103 3696 charitatem
1129 3660 1200 3696 suam
1224 3646 1280 3697 sine
1305 3660 1470 3713 personarum

345 3731 464 3785 Unitas
504 3731 683 3785 ecclesiae.
740 3732 894 3800 Presbyteril
957 3732 1117 3798 acceptioue,
1139 3730 1256 3782 omnibus
1274 3730 1358 3783 Deum
1375 3733 1469 3784 timen-

382 3820 503 3871 unitatem
530 3833 587 3869 curn
615 3819 737 3886 episcopo
764 3820 895 3871 imitemini
956 3818 1022 3869 tibus
1063 3817 1195 3885 aequalem
1235 3817 1373 3870 exhibeant
1407 3822 1469 3874 ibid.

381 3904 440 3958 154.
468 3903 533 3956 haus
554 3912 580 3956 et
597 3904 689 3957 utilitas
707 3904 781 3970 hujus
793 3906 894 3957 unitatis
956 3903 1053 3957 Uxores
1070 3903 1206 3956 Dominum
1223 3912 1307 3957 ament
1330 3914 1356 3958 41
1375 3907 1469 3957 maritis

381 3989 518 4043 156178.
548 3990 645 4043 Teuete
659 3990 821 4044 concordiam
836 3992 892 4044 tre.
956 3998 1092 4042 contentae
1125 3992 1174 4043 sint
1209 4007 1284 4043 carne
1319 4007 1350 4043 44
1380 3993 1468 4059 4414114

380 4075 437 4128 Sitis
456 4093 531 4130 unuin
544 4077 663 4146 templum
675 4076 723 4130 Uei
737 4076 785 4128 17⁶
813 4048 892 4131 Uen·
955 4077 1016 4130 238.
1062 4077 1205 4130 1144444444
1236 4093 1329 4130 uxores
1361 4087 1468 4144 nostras,

378 4163 510 4214 1144444141
536 4166 562 4215 14
588 4165 639 4216 lide
665 4173 691 4217 et
715 4170 808 4235 441444
833 4163 890 4216 182.
955 4163 1468 4234 44141444141141441414411144114

379 4245 638 4304 1144414144411414
657 4236 889 4304 41414411416194.
953 4251 1075 4305 charitate
1100 4261 1126 4304 et
1149 4254 1175 4305 in
1197 4255 1326 4320 castitate,
1353 4260 1467 4305 amantes

378 4331 475 4388 'lenate
487 4338 605 4391 unionem
617 4353 674 4391 cum
687 4336 815 4407 Episcopo
827 4338 888 4394 210.
952 4338 1021 4392 uiros
1047 4355 1107 4392 suos
1135 4341 1162 4392 iu
1188 4341 1255 4392 omni
1284 4341 1409 4407 veritate,
1435 4354 1467 4391 ae

1455 4570 1568 4658 Ι
