<?xml version="1.0" encoding="UTF-8"?>
<!DOCTYPE html PUBLIC "-//W3C//DTD XHTML 1.0 Transitional//EN"
    "http://www.w3.org/TR/xhtml1/DTD/xhtml1-transitional.dtd">
<html xmlns="http://www.w3.org/1999/xhtml" xml:lang="en" lang="en">
 <head>
  <title>
</title>
<meta http-equiv="Content-Type" content="text/html;charset=utf-8" />
  <meta name='ocr-system' content='tesseract 3.04.00' />
  <meta name='ocr-capabilities' content='ocr_page ocr_carea ocr_par ocr_line ocrx_word'/>
</head>
<body>
  <div class='ocr_page' id='page_1' title='image "./patrumapostolic00hefegoog_0022.png"; bbox 0 0 3659 5209; ppageno 0'>
   <div class='ocr_carea' id='block_1_1' title="bbox 308 526 1439 600">
    <p class='ocr_par' dir='ltr' id='par_1_1' title="bbox 308 526 1439 600">
     <span class='ocr_line' id='line_1_1' title="bbox 308 526 1439 600; baseline -0.009 -9"><span class='ocrx_word' id='word_1_1' title='bbox 308 545 363 600; x_wconf 80' lang='lat' dir='ltr'><strong>xw</strong></span> <span class='ocrx_word' id='word_1_2' title='bbox 742 528 997 587; x_wconf 75' lang='lat' dir='ltr'><strong>ruotaaottan&#39;tt.</strong></span> <span class='ocrx_word' id='word_1_3' title='bbox 1263 526 1439 597; x_wconf 68' lang='lat' dir='ltr'><strong>[aristote</strong></span> 
     </span>
    </p>
   </div>
   <div class='ocr_carea' id='block_1_2' title="bbox 313 688 1450 3908">
    <p class='ocr_par' dir='ltr' id='par_1_2' title="bbox 352 688 1444 1413">
     <span class='ocr_line' id='line_1_2' title="bbox 420 688 1438 780; baseline -0.015 -13"><span class='ocrx_word' id='word_1_4' title='bbox 420 702 595 779; x_wconf 86' lang='lat' dir='ltr'><strong>disseritur,</strong></span> <span class='ocrx_word' id='word_1_5' title='bbox 626 705 658 760; x_wconf 91' lang='lat' dir='ltr'><strong>ut</strong></span> <span class='ocrx_word' id='word_1_6' title='bbox 680 696 776 780; x_wconf 89' lang='lat' dir='ltr'><strong>palam</strong></span> <span class='ocrx_word' id='word_1_7' title='bbox 800 691 857 770; x_wconf 91' lang='lat' dir='ltr'><strong>sit,</strong></span> <span class='ocrx_word' id='word_1_8' title='bbox 888 689 1003 754; x_wconf 86' lang='lat' dir='ltr'><strong>Aeliam</strong></span> <span class='ocrx_word' id='word_1_9' title='bbox 1027 690 1221 772; x_wconf 71' lang='lat' dir='ltr'><strong>Capitolinam</strong></span> <span class='ocrx_word' id='word_1_10' title='bbox 1245 688 1376 753; x_wconf 92' lang='lat' dir='ltr'><strong>noudum</strong></span> <span class='ocrx_word' id='word_1_11' title='bbox 1401 690 1438 752; x_wconf 93' lang='lat' dir='ltr'><strong>ab</strong></span> 
     </span>
     <span class='ocr_line' id='line_1_3' title="bbox 419 803 1012 872; baseline -0.027 -1"><span class='ocrx_word' id='word_1_12' title='bbox 419 808 566 872; x_wconf 87' lang='lat' dir='ltr'><strong>Hadriano</strong></span> <span class='ocrx_word' id='word_1_13' title='bbox 591 803 684 866; x_wconf 87' lang='lat' dir='ltr'><strong>luisse</strong></span> <span class='ocrx_word' id='word_1_14' title='bbox 708 804 899 863; x_wconf 87' lang='lat' dir='ltr'><strong>exstructam.</strong></span> <span class='ocrx_word' id='word_1_15' title='bbox 1008 842 1012 847; x_wconf 91' lang='lat'>.</span> 
     </span>
     <span class='ocr_line' id='line_1_4' title="bbox 352 898 1440 1000; baseline -0.017 -23"><span class='ocrx_word' id='word_1_16' title='bbox 352 913 395 1000; x_wconf 80' lang='grc' dir='ltr'><strong>β)</strong></span> <span class='ocrx_word' id='word_1_17' title='bbox 418 916 487 978; x_wconf 83' lang='lat' dir='ltr'>Post</span> <span class='ocrx_word' id='word_1_18' title='bbox 516 929 623 973; x_wconf 73' lang='lat' dir='ltr'><strong>anniam</strong></span> <span class='ocrx_word' id='word_1_19' title='bbox 657 905 735 982; x_wconf 78' lang='grc'>131,</span> <span class='ocrx_word' id='word_1_20' title='bbox 768 900 902 965; x_wconf 88' lang='lat' dir='ltr'><strong>secundo</strong></span> <span class='ocrx_word' id='word_1_21' title='bbox 933 900 1013 962; x_wconf 91' lang='lat' dir='ltr'><strong>bello</strong></span> <span class='ocrx_word' id='word_1_22' title='bbox 1036 899 1161 963; x_wconf 84' lang='lat' dir='ltr'><strong>ludaico</strong></span> <span class='ocrx_word' id='word_1_23' title='bbox 1193 900 1293 978; x_wconf 83' lang='lat' dir='ltr'><strong>linito,</strong></span> <span class='ocrx_word' id='word_1_24' title='bbox 1328 898 1440 960; x_wconf 93' lang='lat' dir='ltr'><strong>nullum</strong></span> 
     </span>
     <span class='ocr_line' id='line_1_5' title="bbox 419 1005 1440 1098; baseline -0.013 -18"><span class='ocrx_word' id='word_1_25' title='bbox 419 1018 542 1098; x_wconf 91' lang='lat' dir='ltr'><strong>amplius</strong></span> <span class='ocrx_word' id='word_1_26' title='bbox 564 1013 765 1076; x_wconf 87' lang='lat' dir='ltr'><strong>Judaistarum</strong></span> <span class='ocrx_word' id='word_1_27' title='bbox 795 1007 959 1089; x_wconf 88' lang='lat' dir='ltr'><strong>periculum</strong></span> <span class='ocrx_word' id='word_1_28' title='bbox 992 1005 1100 1068; x_wconf 79' lang='lat' dir='ltr'><strong>adesse</strong></span> <span class='ocrx_word' id='word_1_29' title='bbox 1129 1013 1254 1088; x_wconf 88' lang='lat' dir='ltr'><strong>poterat.</strong></span> <span class='ocrx_word' id='word_1_30' title='bbox 1301 1005 1440 1086; x_wconf 79' lang='lat' dir='ltr'><strong>lienique</strong></span> 
     </span>
     <span class='ocr_line' id='line_1_6' title="bbox 353 1108 1441 1210; baseline -0.013 -24"><span class='ocrx_word' id='word_1_31' title='bbox 353 1122 391 1210; x_wconf 78' lang='lat' dir='ltr'><strong>p]</strong></span> <span class='ocrx_word' id='word_1_32' title='bbox 422 1123 527 1186; x_wconf 82' lang='lat' dir='ltr'><strong>Celsus</strong></span> <span class='ocrx_word' id='word_1_33' title='bbox 554 1122 616 1203; x_wconf 83' lang='lat' dir='ltr'><strong>jam</strong></span> <span class='ocrx_word' id='word_1_34' title='bbox 645 1119 724 1180; x_wconf 89' lang='lat' dir='ltr'><strong>circa</strong></span> <span class='ocrx_word' id='word_1_35' title='bbox 754 1131 862 1176; x_wconf 91' lang='lat' dir='ltr'><strong>annum</strong></span> <span class='ocrx_word' id='word_1_36' title='bbox 889 1108 1059 1174; x_wconf 71' lang='lat' dir='ltr'><strong>tao-160</strong></span> <span class='ocrx_word' id='word_1_37' title='bbox 1083 1130 1121 1172; x_wconf 87' lang='lat' dir='ltr'><strong>ex</strong></span> <span class='ocrx_word' id='word_1_38' title='bbox 1146 1112 1291 1192; x_wconf 86' lang='lat' dir='ltr'><strong>epistolae</strong></span> <span class='ocrx_word' id='word_1_39' title='bbox 1316 1117 1441 1173; x_wconf 86' lang='lat' dir='ltr'><strong>nostrae</strong></span> 
     </span>
     <span class='ocr_line' id='line_1_7' title="bbox 420 1204 1444 1310; baseline -0.012 -21"><span class='ocrx_word' id='word_1_40' title='bbox 420 1248 484 1310; x_wconf 88' lang='lat' dir='ltr'><strong>cap.</strong></span> <span class='ocrx_word' id='word_1_41' title='bbox 502 1225 521 1288; x_wconf 85' lang='lat'>5</span> <span class='ocrx_word' id='word_1_42' title='bbox 543 1219 643 1306; x_wconf 69' lang='grc' dir='ltr'>(ὑπὲρ</span> <span class='ocrx_word' id='word_1_43' title='bbox 659 1219 766 1284; x_wconf 69' lang='grc' dir='ltr'><strong><em>πᾶσαν</em></strong></span> <span class='ocrx_word' id='word_1_44' title='bbox 782 1209 938 1298; x_wconf 74' lang='grc' dir='ltr'><strong>ἁμαρτίαν</strong></span> <span class='ocrx_word' id='word_1_45' title='bbox 953 1204 1168 1304; x_wconf 72' lang='lat' dir='ltr'><strong>dvopu&#39;rrcpot)</strong></span> <span class='ocrx_word' id='word_1_46' title='bbox 1186 1217 1320 1279; x_wconf 88' lang='lat' dir='ltr'><strong>convicia</strong></span> <span class='ocrx_word' id='word_1_47' title='bbox 1338 1222 1444 1277; x_wconf 86' lang='lat' dir='ltr'><strong>contra</strong></span> 
     </span>
     <span class='ocr_line' id='line_1_8' title="bbox 422 1318 947 1413; baseline -0.029 -17"><span class='ocrx_word' id='word_1_48' title='bbox 422 1330 587 1413; x_wconf 82' lang='lat' dir='ltr'><strong>Apostolos</strong></span> <span class='ocrx_word' id='word_1_49' title='bbox 611 1327 748 1389; x_wconf 81' lang='lat' dir='ltr'><strong>hausisse</strong></span> <span class='ocrx_word' id='word_1_50' title='bbox 771 1323 888 1384; x_wconf 84' lang='lat' dir='ltr'><strong>uidetur</strong></span> <span class='ocrx_word' id='word_1_51' title='bbox 910 1318 947 1403; x_wconf 86' lang='lat'><strong>¹).</strong></span> 
     </span>
    </p>

    <p class='ocr_par' dir='ltr' id='par_1_3' title="bbox 313 1425 1447 2455">
     <span class='ocr_line' id='line_1_9' title="bbox 400 1425 1445 1510; baseline -0.013 -9"><span class='ocrx_word' id='word_1_52' title='bbox 400 1439 447 1501; x_wconf 89' lang='lat' dir='ltr'><strong>lV.</strong></span> <span class='ocrx_word' id='word_1_53' title='bbox 492 1436 674 1510; x_wconf 83' lang='lat' dir='ltr'><strong>Quibusnam</strong></span> <span class='ocrx_word' id='word_1_54' title='bbox 697 1429 859 1491; x_wconf 87' lang='lat' dir='ltr'><strong>lectoribus</strong></span> <span class='ocrx_word' id='word_1_55' title='bbox 884 1426 1011 1508; x_wconf 89' lang='lat' dir='ltr'><strong>epistola</strong></span> <span class='ocrx_word' id='word_1_56' title='bbox 1035 1425 1123 1488; x_wconf 84' lang='lat' dir='ltr'><strong>tuerit</strong></span> <span class='ocrx_word' id='word_1_57' title='bbox 1148 1425 1304 1503; x_wconf 87' lang='lat' dir='ltr'><strong>destinata,</strong></span> <span class='ocrx_word' id='word_1_58' title='bbox 1328 1427 1445 1506; x_wconf 76' lang='lat' dir='ltr'><strong>nullibi,</strong></span> 
     </span>
     <span class='ocr_line' id='line_1_10' title="bbox 313 1530 1445 1620; baseline -0.01 -14"><span class='ocrx_word' id='word_1_59' title='bbox 313 1542 472 1606; x_wconf 82' lang='lat' dir='ltr'><strong>deliciante</strong></span> <span class='ocrx_word' id='word_1_60' title='bbox 496 1538 633 1620; x_wconf 80' lang='lat' dir='ltr'><strong>pleniore</strong></span> <span class='ocrx_word' id='word_1_61' title='bbox 656 1532 843 1597; x_wconf 90' lang='lat' dir='ltr'><strong>salutationis</strong></span> <span class='ocrx_word' id='word_1_62' title='bbox 868 1530 1005 1607; x_wconf 79' lang='lat' dir='ltr'><strong>lorinuln,</strong></span> <span class='ocrx_word' id='word_1_63' title='bbox 1029 1531 1117 1592; x_wconf 89' lang='lat' dir='ltr'><strong>claris</strong></span> <span class='ocrx_word' id='word_1_64' title='bbox 1141 1533 1241 1594; x_wconf 87' lang='lat' dir='ltr'><strong>verbis</strong></span> <span class='ocrx_word' id='word_1_65' title='bbox 1265 1552 1445 1615; x_wconf 87' lang='lat' dir='ltr'><strong>expressum</strong></span> 
     </span>
     <span class='ocr_line' id='line_1_11' title="bbox 314 1636 1446 1723; baseline -0.006 -15"><span class='ocrx_word' id='word_1_66' title='bbox 314 1652 367 1708; x_wconf 88' lang='lat' dir='ltr'><strong>est.</strong></span> <span class='ocrx_word' id='word_1_67' title='bbox 414 1643 564 1723; x_wconf 82' lang='lat' dir='ltr'><strong>Origenes</strong></span> <span class='ocrx_word' id='word_1_68' title='bbox 595 1636 750 1720; x_wconf 89' lang='lat' dir='ltr'><strong>epistolam</strong></span> <span class='ocrx_word' id='word_1_69' title='bbox 779 1643 911 1698; x_wconf 90' lang='lat' dir='ltr'><strong>nostram</strong></span> <span class='ocrx_word' id='word_1_70' title='bbox 936 1637 1122 1699; x_wconf 71' lang='lat' dir='ltr'><strong>catholicam</strong></span> <span class='ocrx_word' id='word_1_71' title='bbox 1146 1639 1292 1713; x_wconf 81' lang='lat' dir='ltr'><strong>nonrinat3</strong></span> <span class='ocrx_word' id='word_1_72' title='bbox 1325 1640 1380 1700; x_wconf 91' lang='lat' dir='ltr'><strong>sed</strong></span> <span class='ocrx_word' id='word_1_73' title='bbox 1406 1659 1446 1701; x_wconf 84' lang='lat' dir='ltr'><strong>err</strong></span> 
     </span>
     <span class='ocr_line' id='line_1_12' title="bbox 315 1741 1446 1832; baseline -0.008 -20"><span class='ocrx_word' id='word_1_74' title='bbox 315 1751 410 1832; x_wconf 89' lang='lat' dir='ltr'><strong>capite</strong></span> <span class='ocrx_word' id='word_1_75' title='bbox 428 1751 522 1828; x_wconf 88' lang='lat' dir='ltr'><strong>primo</strong></span> <span class='ocrx_word' id='word_1_76' title='bbox 541 1752 570 1809; x_wconf 91' lang='lat' dir='ltr'><strong>et</strong></span> <span class='ocrx_word' id='word_1_77' title='bbox 585 1746 643 1807; x_wconf 85' lang='lat' dir='ltr'><strong>ime</strong></span> <span class='ocrx_word' id='word_1_78' title='bbox 660 1745 730 1805; x_wconf 92' lang='lat' dir='ltr'><strong>noni</strong></span> <span class='ocrx_word' id='word_1_79' title='bbox 746 1748 836 1824; x_wconf 88' lang='lat' dir='ltr'><strong>patet,</strong></span> <span class='ocrx_word' id='word_1_80' title='bbox 852 1741 889 1803; x_wconf 87' lang='lat' dir='ltr'><strong>nd</strong></span> <span class='ocrx_word' id='word_1_81' title='bbox 906 1751 1007 1804; x_wconf 84' lang='lat' dir='ltr'><strong>certos</strong></span> <span class='ocrx_word' id='word_1_82' title='bbox 1023 1741 1166 1822; x_wconf 89' lang='lat' dir='ltr'><strong>quosdam</strong></span> <span class='ocrx_word' id='word_1_83' title='bbox 1179 1743 1293 1820; x_wconf 81' lang='lat' dir='ltr'><strong>fideles,</strong></span> <span class='ocrx_word' id='word_1_84' title='bbox 1310 1745 1446 1806; x_wconf 86' lang='lat' dir='ltr'><strong>arctiori</strong></span> 
     </span>
     <span class='ocr_line' id='line_1_13' title="bbox 315 1845 1446 1932; baseline -0.004 -16"><span class='ocrx_word' id='word_1_85' title='bbox 315 1854 435 1916; x_wconf 85' lang='lat' dir='ltr'><strong>vinculo</strong></span> <span class='ocrx_word' id='word_1_86' title='bbox 459 1852 574 1916; x_wconf 90' lang='lat' dir='ltr'><strong>auctori</strong></span> <span class='ocrx_word' id='word_1_87' title='bbox 593 1851 735 1932; x_wconf 90' lang='lat' dir='ltr'><strong>junctos,</strong></span> <span class='ocrx_word' id='word_1_88' title='bbox 758 1847 870 1909; x_wconf 79' lang='lat' dir='ltr'><strong>litteras</strong></span> <span class='ocrx_word' id='word_1_89' title='bbox 894 1845 948 1908; x_wconf 90' lang='lat' dir='ltr'><strong>has</strong></span> <span class='ocrx_word' id='word_1_90' title='bbox 973 1845 1066 1908; x_wconf 85' lang='lat' dir='ltr'><strong>luisse</strong></span> <span class='ocrx_word' id='word_1_91' title='bbox 1090 1847 1180 1909; x_wconf 91' lang='lat' dir='ltr'><strong>datas.</strong></span> <span class='ocrx_word' id='word_1_92' title='bbox 1227 1848 1446 1930; x_wconf 72' lang='lat' dir='ltr'><strong>Argumentum</strong></span> 
     </span>
     <span class='ocr_line' id='line_1_14' title="bbox 315 1951 1447 2043; baseline -0.004 -22"><span class='ocrx_word' id='word_1_93' title='bbox 315 1961 427 2043; x_wconf 86' lang='lat' dir='ltr'><strong>primae</strong></span> <span class='ocrx_word' id='word_1_94' title='bbox 451 1959 544 2040; x_wconf 87' lang='lat' dir='ltr'><strong>partis</strong></span> <span class='ocrx_word' id='word_1_95' title='bbox 567 1956 711 2038; x_wconf 86' lang='lat' dir='ltr'><strong>epistolae</strong></span> <span class='ocrx_word' id='word_1_96' title='bbox 735 1961 762 2016; x_wconf 90' lang='lat' dir='ltr'><strong>et</strong></span> <span class='ocrx_word' id='word_1_97' title='bbox 787 1953 875 2017; x_wconf 92' lang='lat' dir='ltr'><strong>totius</strong></span> <span class='ocrx_word' id='word_1_98' title='bbox 900 1951 1162 2020; x_wconf 85' lang='lat' dir='ltr'><strong>demonstrationis</strong></span> <span class='ocrx_word' id='word_1_99' title='bbox 1190 1953 1348 2016; x_wconf 83' lang='lat' dir='ltr'><strong>methodus</strong></span> <span class='ocrx_word' id='word_1_100' title='bbox 1372 1974 1447 2017; x_wconf 92' lang='lat' dir='ltr'><strong>cer-</strong></span> 
     </span>
     <span class='ocr_line' id='line_1_15' title="bbox 316 2056 1446 2139; baseline -0.004 -12"><span class='ocrx_word' id='word_1_101' title='bbox 316 2066 411 2128; x_wconf 91' lang='lat' dir='ltr'><strong>tiores</strong></span> <span class='ocrx_word' id='word_1_102' title='bbox 435 2080 492 2126; x_wconf 92' lang='lat' dir='ltr'><strong>nos</strong></span> <span class='ocrx_word' id='word_1_103' title='bbox 516 2061 643 2139; x_wconf 88' lang='lat' dir='ltr'><strong>iaciunt,</strong></span> <span class='ocrx_word' id='word_1_104' title='bbox 674 2065 825 2121; x_wconf 87' lang='lat' dir='ltr'><strong>auctorem</strong></span> <span class='ocrx_word' id='word_1_105' title='bbox 848 2056 885 2119; x_wconf 89' lang='lat' dir='ltr'><strong>ad</strong></span> <span class='ocrx_word' id='word_1_106' title='bbox 907 2057 1017 2136; x_wconf 69' lang='lat' dir='ltr'><strong>fideles</strong></span> <span class='ocrx_word' id='word_1_107' title='bbox 1040 2075 1056 2117; x_wconf 88' lang='lat' dir='ltr'><strong>e</strong></span> <span class='ocrx_word' id='word_1_108' title='bbox 1079 2057 1232 2134; x_wconf 78' lang='lat' dir='ltr'><strong>ludaeis,</strong></span> <span class='ocrx_word' id='word_1_109' title='bbox 1264 2059 1329 2121; x_wconf 92' lang='lat' dir='ltr'><strong>sine</strong></span> <span class='ocrx_word' id='word_1_110' title='bbox 1354 2060 1446 2124; x_wconf 91' lang='lat' dir='ltr'><strong>dubio</strong></span> 
     </span>
     <span class='ocr_line' id='line_1_16' title="bbox 317 2159 1445 2245; baseline -0.004 -13"><span class='ocrx_word' id='word_1_111' title='bbox 317 2169 507 2245; x_wconf 89' lang='lat' dir='ltr'><strong>Hellenistas,</strong></span> <span class='ocrx_word' id='word_1_112' title='bbox 523 2167 651 2228; x_wconf 90' lang='lat' dir='ltr'><strong>instante</strong></span> <span class='ocrx_word' id='word_1_113' title='bbox 667 2161 802 2245; x_wconf 90' lang='lat' dir='ltr'><strong>periculo</strong></span> <span class='ocrx_word' id='word_1_114' title='bbox 818 2159 1016 2224; x_wconf 85' lang='lat' dir='ltr'><strong>ludaistarum</strong></span> <span class='ocrx_word' id='word_1_115' title='bbox 1033 2162 1125 2224; x_wconf 88' lang='lat' dir='ltr'><strong>verba</strong></span> <span class='ocrx_word' id='word_1_116' title='bbox 1142 2159 1260 2224; x_wconf 87' lang='lat' dir='ltr'><strong>iecisse.</strong></span> <span class='ocrx_word' id='word_1_117' title='bbox 1291 2164 1445 2227; x_wconf 90' lang='lat' dir='ltr'><strong>Danielem</strong></span> 
     </span>
     <span class='ocr_line' id='line_1_17' title="bbox 318 2267 1447 2353; baseline -0.003 -17"><span class='ocrx_word' id='word_1_118' title='bbox 318 2271 477 2349; x_wconf 85' lang='lat' dir='ltr'><strong>Scbeulrel,</strong></span> <span class='ocrx_word' id='word_1_119' title='bbox 502 2271 631 2333; x_wconf 90' lang='lat' dir='ltr'><strong>certiora</strong></span> <span class='ocrx_word' id='word_1_120' title='bbox 655 2267 693 2330; x_wconf 93' lang='lat' dir='ltr'><strong>de</strong></span> <span class='ocrx_word' id='word_1_121' title='bbox 715 2267 879 2330; x_wconf 88' lang='lat' dir='ltr'><strong>lectoribus</strong></span> <span class='ocrx_word' id='word_1_122' title='bbox 903 2267 1119 2349; x_wconf 81' lang='lat' dir='ltr'><strong>proferentem,</strong></span> <span class='ocrx_word' id='word_1_123' title='bbox 1142 2273 1256 2332; x_wconf 87' lang='lat' dir='ltr'><strong>temere</strong></span> <span class='ocrx_word' id='word_1_124' title='bbox 1279 2269 1308 2332; x_wconf 92' lang='lat' dir='ltr'><strong>id</strong></span> <span class='ocrx_word' id='word_1_125' title='bbox 1332 2272 1447 2353; x_wconf 87' lang='lat' dir='ltr'><strong>egisse,</strong></span> 
     </span>
     <span class='ocr_line' id='line_1_18' title="bbox 318 2369 740 2455; baseline -0.017 -15"><span class='ocrx_word' id='word_1_126' title='bbox 318 2378 389 2441; x_wconf 90' lang='lat' dir='ltr'><strong>alibi</strong></span> <span class='ocrx_word' id='word_1_127' title='bbox 412 2377 681 2440; x_wconf 89' lang='lat' dir='ltr'><strong>demonstravimus</strong></span> <span class='ocrx_word' id='word_1_128' title='bbox 698 2369 740 2455; x_wconf 77' lang='lat'><strong>²).</strong></span> 
     </span>
    </p>

    <p class='ocr_par' dir='ltr' id='par_1_4' title="bbox 316 2473 1449 3282">
     <span class='ocr_line' id='line_1_19' title="bbox 405 2473 1449 2561; baseline 0.002 -18"><span class='ocrx_word' id='word_1_129' title='bbox 405 2482 439 2544; x_wconf 92' lang='lat' dir='ltr'><strong>V.</strong></span> <span class='ocrx_word' id='word_1_130' title='bbox 484 2480 565 2543; x_wconf 89' lang='lat' dir='ltr'><strong>ldem</strong></span> <span class='ocrx_word' id='word_1_131' title='bbox 589 2480 635 2540; x_wconf 87' lang='lat' dir='ltr'><strong>vir</strong></span> <span class='ocrx_word' id='word_1_132' title='bbox 659 2476 775 2555; x_wconf 90' lang='lat' dir='ltr'><strong>doctus,</strong></span> <span class='ocrx_word' id='word_1_133' title='bbox 798 2476 905 2540; x_wconf 89' lang='lat' dir='ltr'><strong>Daniel</strong></span> <span class='ocrx_word' id='word_1_134' title='bbox 929 2476 1078 2541; x_wconf 87' lang='lat' dir='ltr'><strong>Schenkel</strong></span> <span class='ocrx_word' id='word_1_135' title='bbox 1094 2473 1144 2561; x_wconf 83' lang='lat'><strong>³),</strong></span> <span class='ocrx_word' id='word_1_136' title='bbox 1169 2484 1200 2541; x_wconf 91' lang='lat' dir='ltr'><strong>nt</strong></span> <span class='ocrx_word' id='word_1_137' title='bbox 1223 2479 1303 2542; x_wconf 92' lang='lat' dir='ltr'><strong>litem</strong></span> <span class='ocrx_word' id='word_1_138' title='bbox 1326 2479 1363 2542; x_wconf 90' lang='lat' dir='ltr'><strong>de</strong></span> <span class='ocrx_word' id='word_1_139' title='bbox 1389 2501 1449 2545; x_wconf 93' lang='lat' dir='ltr'><strong>au-</strong></span> 
     </span>
     <span class='ocr_line' id='line_1_20' title="bbox 316 2583 1449 2669; baseline 0 -19"><span class='ocrx_word' id='word_1_140' title='bbox 316 2587 427 2650; x_wconf 88' lang='lat' dir='ltr'><strong>thentia</strong></span> <span class='ocrx_word' id='word_1_141' title='bbox 459 2587 602 2669; x_wconf 90' lang='lat' dir='ltr'><strong>epistolae</strong></span> <span class='ocrx_word' id='word_1_142' title='bbox 634 2588 845 2663; x_wconf 86' lang='lat' dir='ltr'><strong>componeret,</strong></span> <span class='ocrx_word' id='word_1_143' title='bbox 877 2583 1007 2664; x_wconf 88' lang='lat' dir='ltr'><strong>probare</strong></span> <span class='ocrx_word' id='word_1_144' title='bbox 1039 2590 1163 2645; x_wconf 89' lang='lat' dir='ltr'><strong>conatus</strong></span> <span class='ocrx_word' id='word_1_145' title='bbox 1195 2591 1256 2664; x_wconf 89' lang='lat' dir='ltr'><strong>est,</strong></span> <span class='ocrx_word' id='word_1_146' title='bbox 1293 2587 1449 2668; x_wconf 88' lang='lat' dir='ltr'><strong>epistolam</strong></span> 
     </span>
     <span class='ocr_line' id='line_1_21' title="bbox 317 2685 1448 2774; baseline -0.001 -18"><span class='ocrx_word' id='word_1_147' title='bbox 317 2693 471 2756; x_wconf 87' lang='lat' dir='ltr'><strong>Barnabae</strong></span> <span class='ocrx_word' id='word_1_148' title='bbox 494 2691 654 2774; x_wconf 90' lang='lat' dir='ltr'><strong>genuinam</strong></span> <span class='ocrx_word' id='word_1_149' title='bbox 678 2686 797 2766; x_wconf 89' lang='lat' dir='ltr'><strong>quidem</strong></span> <span class='ocrx_word' id='word_1_150' title='bbox 821 2703 908 2765; x_wconf 88' lang='lat' dir='ltr'><strong>esse,</strong></span> <span class='ocrx_word' id='word_1_151' title='bbox 931 2685 985 2748; x_wconf 91' lang='lat' dir='ltr'><strong>sed</strong></span> <span class='ocrx_word' id='word_1_152' title='bbox 1009 2704 1070 2749; x_wconf 91' lang='lat' dir='ltr'><strong>non</strong></span> <span class='ocrx_word' id='word_1_153' title='bbox 1094 2689 1255 2771; x_wconf 89' lang='lat' dir='ltr'><strong>integram,</strong></span> <span class='ocrx_word' id='word_1_154' title='bbox 1281 2708 1448 2774; x_wconf 91' lang='lat' dir='ltr'><strong>omnesque</strong></span> 
     </span>
     <span class='ocr_line' id='line_1_22' title="bbox 318 2791 1447 2882; baseline -0.001 -21"><span class='ocrx_word' id='word_1_155' title='bbox 318 2801 384 2882; x_wconf 87' lang='lat' dir='ltr'><strong>ejus</strong></span> <span class='ocrx_word' id='word_1_156' title='bbox 413 2804 530 2881; x_wconf 88' lang='lat' dir='ltr'><strong>partes,</strong></span> <span class='ocrx_word' id='word_1_157' title='bbox 566 2794 639 2857; x_wconf 90' lang='lat' dir='ltr'><strong>viris</strong></span> <span class='ocrx_word' id='word_1_158' title='bbox 670 2793 765 2855; x_wconf 89' lang='lat' dir='ltr'><strong>doctis</strong></span> <span class='ocrx_word' id='word_1_159' title='bbox 796 2791 1007 2873; x_wconf 88' lang='lat' dir='ltr'><strong>displicentes,</strong></span> <span class='ocrx_word' id='word_1_160' title='bbox 1041 2811 1057 2854; x_wconf 87' lang='lat' dir='ltr'><strong>a</strong></span> <span class='ocrx_word' id='word_1_161' title='bbox 1089 2793 1275 2875; x_wconf 87' lang='lat' dir='ltr'><strong>Therapeuta</strong></span> <span class='ocrx_word' id='word_1_162' title='bbox 1306 2798 1447 2878; x_wconf 90' lang='lat' dir='ltr'><strong>quodam,</strong></span> 
     </span>
     <span class='ocr_line' id='line_1_23' title="bbox 319 2897 1447 2982; baseline 0.001 -18"><span class='ocrx_word' id='word_1_163' title='bbox 319 2901 552 2966; x_wconf 82' lang='lat' dir='ltr'><strong>Christianorum</strong></span> <span class='ocrx_word' id='word_1_164' title='bbox 575 2916 661 2962; x_wconf 89' lang='lat' dir='ltr'><strong>sacra</strong></span> <span class='ocrx_word' id='word_1_165' title='bbox 684 2902 800 2975; x_wconf 89' lang='lat' dir='ltr'><strong>secuto,</strong></span> <span class='ocrx_word' id='word_1_166' title='bbox 825 2897 972 2980; x_wconf 82' lang='lat' dir='ltr'><strong>originem</strong></span> <span class='ocrx_word' id='word_1_167' title='bbox 997 2899 1143 2977; x_wconf 87' lang='lat' dir='ltr'><strong>traxisse,</strong></span> <span class='ocrx_word' id='word_1_168' title='bbox 1171 2902 1222 2980; x_wconf 93' lang='lat' dir='ltr'><strong>qui</strong></span> <span class='ocrx_word' id='word_1_169' title='bbox 1244 2904 1367 2982; x_wconf 87' lang='lat' dir='ltr'><strong>mystica</strong></span> <span class='ocrx_word' id='word_1_170' title='bbox 1393 2923 1447 2966; x_wconf 90' lang='lat' dir='ltr'><strong>sua</strong></span> 
     </span>
     <span class='ocr_line' id='line_1_24' title="bbox 317 3002 1448 3091; baseline -0.002 -19"><span class='ocrx_word' id='word_1_171' title='bbox 317 3009 462 3091; x_wconf 85' lang='lat' dir='ltr'><strong>sapientia</strong></span> <span class='ocrx_word' id='word_1_172' title='bbox 491 3007 548 3070; x_wconf 89' lang='lat' dir='ltr'><strong>viri</strong></span> <span class='ocrx_word' id='word_1_173' title='bbox 578 3002 732 3084; x_wconf 91' lang='lat' dir='ltr'><strong>apostolici</strong></span> <span class='ocrx_word' id='word_1_174' title='bbox 760 3002 874 3065; x_wconf 89' lang='lat' dir='ltr'><strong>litteras</strong></span> <span class='ocrx_word' id='word_1_175' title='bbox 905 3020 1020 3085; x_wconf 86' lang='lat' dir='ltr'><strong>angere</strong></span> <span class='ocrx_word' id='word_1_176' title='bbox 1049 3003 1087 3064; x_wconf 94' lang='lat' dir='ltr'><strong>sit</strong></span> <span class='ocrx_word' id='word_1_177' title='bbox 1111 3021 1211 3065; x_wconf 89' lang='lat' dir='ltr'><strong>ausus.</strong></span> <span class='ocrx_word' id='word_1_178' title='bbox 1255 3005 1318 3068; x_wconf 91' lang='lat' dir='ltr'><strong>Nos</strong></span> <span class='ocrx_word' id='word_1_179' title='bbox 1343 3016 1448 3071; x_wconf 90' lang='lat' dir='ltr'><strong>contra</strong></span> 
     </span>
     <span class='ocr_line' id='line_1_25' title="bbox 317 3105 1449 3193; baseline 0.001 -18"><span class='ocrx_word' id='word_1_180' title='bbox 317 3113 387 3175; x_wconf 90' lang='lat' dir='ltr'><strong>alibi</strong></span> <span class='ocrx_word' id='word_1_181' title='bbox 410 3111 610 3193; x_wconf 85' lang='lat' dir='ltr'><strong>integritatem</strong></span> <span class='ocrx_word' id='word_1_182' title='bbox 633 3107 778 3189; x_wconf 87' lang='lat' dir='ltr'><strong>epistolae</strong></span> <span class='ocrx_word' id='word_1_183' title='bbox 802 3106 968 3171; x_wconf 79' lang='lat' dir='ltr'><strong>defendere</strong></span> <span class='ocrx_word' id='word_1_184' title='bbox 991 3107 1160 3185; x_wconf 86' lang='lat' dir='ltr'><strong>studuimus</strong></span> <span class='ocrx_word' id='word_1_185' title='bbox 1169 3105 1210 3191; x_wconf 79' lang='lat'><strong>⁴).</strong></span> <span class='ocrx_word' id='word_1_186' title='bbox 1246 3110 1350 3174; x_wconf 85' lang='lat' dir='ltr'><strong>Paucis</strong></span> <span class='ocrx_word' id='word_1_187' title='bbox 1369 3132 1449 3176; x_wconf 89' lang='lat' dir='ltr'><strong>nunc</strong></span> 
     </span>
     <span class='ocr_line' id='line_1_26' title="bbox 318 3215 576 3282; baseline -0.031 0"><span class='ocrx_word' id='word_1_188' title='bbox 318 3236 382 3282; x_wconf 88' lang='lat' dir='ltr'><strong>reru</strong></span> <span class='ocrx_word' id='word_1_189' title='bbox 405 3215 576 3281; x_wconf 87' lang='lat' dir='ltr'><strong>absolvam:</strong></span> 
     </span>
    </p>

    <p class='ocr_par' dir='ltr' id='par_1_5' title="bbox 315 3317 1449 3615">
     <span class='ocr_line' id='line_1_27' title="bbox 410 3317 1449 3403; baseline 0.002 -19"><span class='ocrx_word' id='word_1_190' title='bbox 410 3317 437 3385; x_wconf 93' lang='grc'><strong>1.</strong></span> <span class='ocrx_word' id='word_1_191' title='bbox 461 3317 607 3382; x_wconf 85' lang='lat' dir='ltr'><strong>Secundo</strong></span> <span class='ocrx_word' id='word_1_192' title='bbox 624 3335 679 3381; x_wconf 92' lang='lat' dir='ltr'><strong>seu</strong></span> <span class='ocrx_word' id='word_1_193' title='bbox 693 3319 881 3400; x_wconf 88' lang='lat' dir='ltr'><strong>paraenetica</strong></span> <span class='ocrx_word' id='word_1_194' title='bbox 898 3336 968 3400; x_wconf 85' lang='lat' dir='ltr'><strong>pars</strong></span> <span class='ocrx_word' id='word_1_195' title='bbox 985 3319 1139 3400; x_wconf 87' lang='lat' dir='ltr'><strong>epistolae,</strong></span> <span class='ocrx_word' id='word_1_196' title='bbox 1163 3338 1188 3382; x_wconf 88' lang='lat' dir='ltr'><strong>e.</strong></span> <span class='ocrx_word' id='word_1_197' title='bbox 1209 3318 1345 3401; x_wconf 82' lang='lat'><strong>18-21,</strong></span> <span class='ocrx_word' id='word_1_198' title='bbox 1370 3342 1449 3403; x_wconf 89' lang='lat' dir='ltr'><strong>quae</strong></span> 
     </span>
     <span class='ocr_line' id='line_1_28' title="bbox 315 3423 1449 3512; baseline 0.002 -22"><span class='ocrx_word' id='word_1_199' title='bbox 315 3431 377 3512; x_wconf 90' lang='lat' dir='ltr'><strong>jam</strong></span> <span class='ocrx_word' id='word_1_200' title='bbox 399 3434 469 3490; x_wconf 91' lang='lat' dir='ltr'><strong>ante</strong></span> <span class='ocrx_word' id='word_1_201' title='bbox 492 3423 701 3489; x_wconf 86' lang='lat' dir='ltr'><strong>Schenkelium</strong></span> <span class='ocrx_word' id='word_1_202' title='bbox 724 3443 740 3486; x_wconf 90' lang='lat' dir='ltr'><strong>a</strong></span> <span class='ocrx_word' id='word_1_203' title='bbox 764 3425 898 3507; x_wconf 89' lang='lat' dir='ltr'><strong>pluribus</strong></span> <span class='ocrx_word' id='word_1_204' title='bbox 926 3427 956 3486; x_wconf 92' lang='lat' dir='ltr'><strong>in</strong></span> <span class='ocrx_word' id='word_1_205' title='bbox 980 3423 1098 3487; x_wconf 90' lang='lat' dir='ltr'><strong>dubium</strong></span> <span class='ocrx_word' id='word_1_206' title='bbox 1122 3426 1304 3507; x_wconf 85' lang='lat' dir='ltr'><strong>vocabatur,</strong></span> <span class='ocrx_word' id='word_1_207' title='bbox 1337 3430 1449 3511; x_wconf 89' lang='lat' dir='ltr'><strong>quippe</strong></span> 
     </span>
     <span class='ocr_line' id='line_1_29' title="bbox 319 3529 1060 3615; baseline -0.007 -20"><span class='ocrx_word' id='word_1_208' title='bbox 319 3552 396 3615; x_wconf 89' lang='lat' dir='ltr'><strong>quae</strong></span> <span class='ocrx_word' id='word_1_209' title='bbox 419 3534 456 3594; x_wconf 88' lang='lat' dir='ltr'><strong>iu</strong></span> <span class='ocrx_word' id='word_1_210' title='bbox 472 3530 569 3593; x_wconf 89' lang='lat' dir='ltr'><strong>veteri</strong></span> <span class='ocrx_word' id='word_1_211' title='bbox 591 3529 733 3591; x_wconf 89' lang='lat' dir='ltr'><strong>versione</strong></span> <span class='ocrx_word' id='word_1_212' title='bbox 756 3529 845 3591; x_wconf 90' lang='lat' dir='ltr'><strong>latina</strong></span> <span class='ocrx_word' id='word_1_213' title='bbox 869 3548 929 3593; x_wconf 92' lang='lat' dir='ltr'><strong>non</strong></span> <span class='ocrx_word' id='word_1_214' title='bbox 953 3536 1060 3609; x_wconf 87' lang='lat' dir='ltr'><strong>exstet,</strong></span> 
     </span>
    </p>

    <p class='ocr_par' dir='ltr' id='par_1_6' title="bbox 363 3634 1450 3908">
     <span class='ocr_line' id='line_1_30' title="bbox 363 3634 1450 3720; baseline 0.002 -21"><span class='ocrx_word' id='word_1_215' title='bbox 363 3635 402 3720; x_wconf 83' lang='grc' dir='ltr'><strong>α)</strong></span> <span class='ocrx_word' id='word_1_216' title='bbox 424 3638 485 3720; x_wconf 86' lang='lat' dir='ltr'><strong>jam</strong></span> <span class='ocrx_word' id='word_1_217' title='bbox 509 3635 545 3696; x_wconf 89' lang='lat' dir='ltr'><strong>ab</strong></span> <span class='ocrx_word' id='word_1_218' title='bbox 570 3634 779 3714; x_wconf 89' lang='lat' dir='ltr'><strong>antiquissimis</strong></span> <span class='ocrx_word' id='word_1_219' title='bbox 801 3634 858 3696; x_wconf 91' lang='lat' dir='ltr'><strong>illis</strong></span> <span class='ocrx_word' id='word_1_220' title='bbox 881 3636 1095 3717; x_wconf 86' lang='lat' dir='ltr'><strong>scriptoribus,</strong></span> <span class='ocrx_word' id='word_1_221' title='bbox 1118 3636 1169 3716; x_wconf 93' lang='lat' dir='ltr'><strong>qui</strong></span> <span class='ocrx_word' id='word_1_222' title='bbox 1191 3637 1278 3719; x_wconf 90' lang='lat' dir='ltr'><strong>primi</strong></span> <span class='ocrx_word' id='word_1_223' title='bbox 1301 3638 1450 3717; x_wconf 88' lang='lat' dir='ltr'><strong>epistotae</strong></span> 
     </span>
     <span class='ocr_line' id='line_1_31' title="bbox 429 3736 1450 3824; baseline 0.004 -22"><span class='ocrx_word' id='word_1_224' title='bbox 429 3741 610 3805; x_wconf 90' lang='lat' dir='ltr'><strong>mentionem</strong></span> <span class='ocrx_word' id='word_1_225' title='bbox 633 3736 799 3819; x_wconf 84' lang='lat' dir='ltr'><strong>iaciebant,</strong></span> <span class='ocrx_word' id='word_1_226' title='bbox 823 3738 975 3804; x_wconf 82' lang='lat' dir='ltr'><strong>Clemente</strong></span> <span class='ocrx_word' id='word_1_227' title='bbox 999 3748 1028 3804; x_wconf 90' lang='lat' dir='ltr'><strong>et</strong></span> <span class='ocrx_word' id='word_1_228' title='bbox 1051 3741 1202 3824; x_wconf 88' lang='lat' dir='ltr'><strong>Origene,</strong></span> <span class='ocrx_word' id='word_1_229' title='bbox 1232 3740 1307 3804; x_wconf 88' lang='lat' dir='ltr'><strong>lecta</strong></span> <span class='ocrx_word' id='word_1_230' title='bbox 1332 3749 1396 3821; x_wconf 90' lang='lat' dir='ltr'><strong>est,</strong></span> <span class='ocrx_word' id='word_1_231' title='bbox 1420 3750 1450 3806; x_wconf 89' lang='lat' dir='ltr'><strong>et</strong></span> 
     </span>
     <span class='ocr_line' id='line_1_32' title="bbox 429 3845 719 3908; baseline -0.01 -1"><span class='ocrx_word' id='word_1_232' title='bbox 429 3845 546 3908; x_wconf 89' lang='lat' dir='ltr'><strong>laudata</strong></span> <span class='ocrx_word' id='word_1_233' title='bbox 570 3851 600 3907; x_wconf 90' lang='lat' dir='ltr'><strong>et</strong></span> <span class='ocrx_word' id='word_1_234' title='bbox 623 3845 719 3906; x_wconf 90' lang='lat' dir='ltr'><strong>citata.</strong></span> 
     </span>
    </p>
   </div>
   <div class='ocr_carea' id='block_1_3' title="bbox 291 4030 1450 4460">
    <p class='ocr_par' dir='ltr' id='par_1_7' title="bbox 291 4030 1450 4190">
     <span class='ocr_line' id='line_1_33' title="bbox 356 4030 1450 4104; baseline 0.002 -18"><span class='ocrx_word' id='word_1_235' title='bbox 356 4035 386 4103; x_wconf 89' lang='grc'><strong>1)</strong></span> <span class='ocrx_word' id='word_1_236' title='bbox 405 4037 510 4104; x_wconf 79' lang='lat' dir='ltr'><strong>Oripon.</strong></span> <span class='ocrx_word' id='word_1_237' title='bbox 540 4049 562 4085; x_wconf 87' lang='lat' dir='ltr'><strong>c.</strong></span> <span class='ocrx_word' id='word_1_238' title='bbox 591 4030 659 4086; x_wconf 83' lang='lat' dir='ltr'><strong>Cels.</strong></span> <span class='ocrx_word' id='word_1_239' title='bbox 688 4050 713 4086; x_wconf 86' lang='lat' dir='ltr'><strong>n.</strong></span> <span class='ocrx_word' id='word_1_240' title='bbox 733 4033 775 4087; x_wconf 87' lang='grc'><strong>63.</strong></span> <span class='ocrx_word' id='word_1_241' title='bbox 804 4033 830 4086; x_wconf 88' lang='grc' dir='ltr'><strong>Τ.</strong></span> <span class='ocrx_word' id='word_1_242' title='bbox 849 4032 870 4087; x_wconf 91' lang='lat'><strong>1.</strong></span> <span class='ocrx_word' id='word_1_243' title='bbox 932 4033 962 4103; x_wconf 83' lang='lat'><strong>3)</strong></span> <span class='ocrx_word' id='word_1_244' title='bbox 981 4033 1008 4086; x_wconf 91' lang='lat' dir='ltr'><strong>ln</strong></span> <span class='ocrx_word' id='word_1_245' title='bbox 1029 4034 1163 4089; x_wconf 83' lang='lat' dir='ltr'><strong>Ulimnnni</strong></span> <span class='ocrx_word' id='word_1_246' title='bbox 1181 4044 1246 4089; x_wconf 79' lang='lat' dir='ltr'><strong>etc:</strong></span> <span class='ocrx_word' id='word_1_247' title='bbox 1272 4035 1378 4088; x_wconf 88' lang='lat' dir='ltr'><strong>Studien</strong></span> <span class='ocrx_word' id='word_1_248' title='bbox 1398 4037 1450 4088; x_wconf 91' lang='lat' dir='ltr'><strong>uud</strong></span> 
     </span>
     <span class='ocr_line' id='line_1_34' title="bbox 291 4121 1268 4190; baseline -0.003 -11"><span class='ocrx_word' id='word_1_249' title='bbox 291 4172 295 4179; x_wconf 79' lang='grc'>,</span> <span class='ocrx_word' id='word_1_250' title='bbox 319 4138 345 4190; x_wconf 81' lang='lat' dir='ltr'><strong>p.</strong></span> <span class='ocrx_word' id='word_1_251' title='bbox 365 4121 425 4174; x_wconf 72' lang='lat' dir='ltr'><strong>aaa.</strong></span> <span class='ocrx_word' id='word_1_252' title='bbox 897 4121 959 4173; x_wconf 73' lang='lat' dir='ltr'><strong>urit.</strong></span> <span class='ocrx_word' id='word_1_253' title='bbox 981 4122 1056 4173; x_wconf 77' lang='lat' dir='ltr'><strong>roan.</strong></span> <span class='ocrx_word' id='word_1_254' title='bbox 1076 4138 1102 4189; x_wconf 77' lang='lat' dir='ltr'><strong>p.</strong></span> <span class='ocrx_word' id='word_1_255' title='bbox 1122 4121 1268 4177; x_wconf 80' lang='lat' dir='ltr'><strong>osa-aaa.</strong></span> 
     </span>
    </p>

    <p class='ocr_par' dir='ltr' id='par_1_8' title="bbox 356 4206 1449 4277">
     <span class='ocr_line' id='line_1_35' title="bbox 356 4206 1449 4277; baseline 0.006 -19"><span class='ocrx_word' id='word_1_256' title='bbox 356 4208 385 4277; x_wconf 78' lang='lat'><strong>2)</strong></span> <span class='ocrx_word' id='word_1_257' title='bbox 403 4206 431 4260; x_wconf 90' lang='lat' dir='ltr'><strong>ln</strong></span> <span class='ocrx_word' id='word_1_258' title='bbox 455 4208 556 4261; x_wconf 77' lang='lat' dir='ltr'><strong>libello:</strong></span> <span class='ocrx_word' id='word_1_259' title='bbox 581 4213 640 4263; x_wconf 79' lang='lat' dir='ltr'><strong>Dua</strong></span> <span class='ocrx_word' id='word_1_260' title='bbox 657 4211 871 4265; x_wconf 75' lang='lat' dir='ltr'><strong>Sandacbrciban</strong></span> <span class='ocrx_word' id='word_1_261' title='bbox 932 4207 961 4268; x_wconf 83' lang='grc'><strong>4)</strong></span> <span class='ocrx_word' id='word_1_262' title='bbox 981 4206 1089 4277; x_wconf 79' lang='lat' dir='ltr'><strong>Taibiug.</strong></span> <span class='ocrx_word' id='word_1_263' title='bbox 1127 4208 1206 4262; x_wconf 85' lang='lat' dir='ltr'><strong>theol.</strong></span> <span class='ocrx_word' id='word_1_264' title='bbox 1245 4212 1449 4276; x_wconf 84' lang='lat' dir='ltr'><strong>Quartalscbrift.</strong></span> 
     </span>
    </p>

    <p class='ocr_par' dir='ltr' id='par_1_9' title="bbox 322 4293 1450 4460">
     <span class='ocr_line' id='line_1_36' title="bbox 322 4293 1450 4368; baseline -0.002 -13"><span class='ocrx_word' id='word_1_265' title='bbox 322 4296 368 4356; x_wconf 76' lang='lat' dir='ltr'><strong>dra</strong></span> <span class='ocrx_word' id='word_1_266' title='bbox 386 4301 415 4356; x_wconf 76' lang='lat' dir='ltr'><strong>A·</strong></span> <span class='ocrx_word' id='word_1_267' title='bbox 435 4297 578 4355; x_wconf 77' lang='lat' dir='ltr'><strong>Barantea</strong></span> <span class='ocrx_word' id='word_1_268' title='bbox 591 4304 641 4347; x_wconf 85' lang='lat' dir='ltr'><strong>etc.</strong></span> <span class='ocrx_word' id='word_1_269' title='bbox 660 4312 685 4368; x_wconf 89' lang='lat' dir='ltr'><strong>p.</strong></span> <span class='ocrx_word' id='word_1_270' title='bbox 706 4295 755 4349; x_wconf 75' lang='lat'><strong>132</strong></span> <span class='ocrx_word' id='word_1_271' title='bbox 769 4312 807 4365; x_wconf 82' lang='lat' dir='ltr'><strong>oq.</strong></span> <span class='ocrx_word' id='word_1_272' title='bbox 898 4293 975 4345; x_wconf 76' lang='lat' dir='ltr'><strong>tata.</strong></span> <span class='ocrx_word' id='word_1_273' title='bbox 990 4293 1008 4347; x_wconf 94' lang='lat' dir='ltr'><strong>l.</strong></span> <span class='ocrx_word' id='word_1_274' title='bbox 1027 4311 1054 4363; x_wconf 86' lang='lat' dir='ltr'><strong>p.</strong></span> <span class='ocrx_word' id='word_1_275' title='bbox 1073 4294 1107 4346; x_wconf 87' lang='lat'><strong>60</strong></span> <span class='ocrx_word' id='word_1_276' title='bbox 1121 4313 1175 4367; x_wconf 83' lang='lat' dir='ltr'><strong>sqq.</strong></span> <span class='ocrx_word' id='word_1_277' title='bbox 1196 4307 1222 4349; x_wconf 87' lang='lat' dir='ltr'><strong>et</strong></span> <span class='ocrx_word' id='word_1_278' title='bbox 1239 4301 1264 4352; x_wconf 92' lang='lat' dir='ltr'><strong>iu</strong></span> <span class='ocrx_word' id='word_1_279' title='bbox 1283 4299 1370 4352; x_wconf 87' lang='lat' dir='ltr'><strong>libello</strong></span> <span class='ocrx_word' id='word_1_280' title='bbox 1391 4317 1450 4353; x_wconf 87' lang='lat' dir='ltr'><strong>meo</strong></span> 
     </span>
     <span class='ocr_line' id='line_1_37' title="bbox 895 4382 1251 4460; baseline 0.014 -28"><span class='ocrx_word' id='word_1_281' title='bbox 895 4396 972 4455; x_wconf 71' lang='lat' dir='ltr'><strong>supra</strong></span> <span class='ocrx_word' id='word_1_282' title='bbox 991 4382 1068 4435; x_wconf 87' lang='lat' dir='ltr'><strong>citato</strong></span> <span class='ocrx_word' id='word_1_283' title='bbox 1085 4399 1112 4456; x_wconf 69' lang='lat' dir='ltr'><strong>qn</strong></span> <span class='ocrx_word' id='word_1_284' title='bbox 1133 4383 1182 4436; x_wconf 83' lang='lat'><strong>196</strong></span> <span class='ocrx_word' id='word_1_285' title='bbox 1194 4401 1251 4460; x_wconf 79' lang='lat' dir='ltr'><strong>sqq.</strong></span> 
     </span>
    </p>
   </div>
   <div class='ocr_carea' id='block_1_4' title="bbox 0 0 1846 5209">
    <p class='ocr_par' dir='ltr' id='par_1_10' title="bbox 0 0 1846 5209">
     <span class='ocr_line' id='line_1_38' title="bbox 0 0 1846 5209; baseline 0 0"><span class='ocrx_word' id='word_1_286' title='bbox 0 0 1846 5209; x_wconf 95' lang='lat' dir='ltr'><strong> </strong></span> 
     </span>
    </p>
   </div>
  </div>
 </body>
</html>
