3659 5209
347 574 367 633 6
690 557 869 614 ΒΑΒΝΑΒΑΕ
888 555 1054 610 nerstein.
1084 555 1127 607 tv.

347 729 414 791 Non
439 726 540 787 demus
563 723 676 784 animae
700 725 820 782 nostrae
842 717 978 798 spatium,
1002 717 1147 797 utffpossit
1165 716 1280 777 hebere
1296 722 1473 796 potestaten

349 829 534 893 discurrendi
550 846 615 888 cunr
632 825 818 905 nequissimis
836 829 865 884 et
880 821 1099 901 peccatoribus,
1119 819 1296 901 nequando
1314 821 1473 891 similemus

349 911 414 998 illis.
458 931 685 994 ¹consumnnta
708 929 784 990 enim
809 926 941 1002 tentatie,
965 926 1042 987 sicut
1064 927 1205 1006 scriptum
1230 931 1289 1002 est,
1314 925 1400 987 sicut
1421 925 1473 986 Du·

349 1039 408 1101 niei
431 1036 519 1114 dicit,
550 1033 804 1115 adpropinquavit.
849 1031 975 1109 Propter
998 1029 1055 1090 hoc
1079 1030 1156 1089 enim
1179 1029 1328 1091 Dominus
1356 1026 1473 1092 ²inter·

349 1142 418 1204 cidit
441 1147 572 1221 tempore
598 1145 627 1198 et
650 1138 724 1214 dies,
747 1142 780 1197 ut
803 1135 951 1196 acceleret
975 1133 1099 1195 dilectus
1123 1133 1200 1194 iltius
1222 1132 1258 1195 od
1278 1133 1471 1197 hereditatem

347 1264 457 1324 sunm.¹
477 1245 553 1305 Dicit
576 1243 619 1304 sic
642 1242 802 1324 prophete:
827 1235 960 1318 ³Re9na
983 1238 1017 1298 in
1041 1239 1133 1298 terris
1156 1238 1261 1298 decem
1282 1239 1472 1318 requietum,-

348 1359 377 1412 et
399 1348 541 1427 reserent
558 1353 642 1407 retra
655 1345 802 1423 pusillus,
827 1345 880 1423 qni
898 1344 1029 1420 deponet
1044 1351 1107 1403 tres
1124 1343 1157 1402 in
1172 1362 1276 1405 unum.
1313 1344 1364 1406 De
1381 1346 1471 1426 regnis

348 1454 482 1516 similiter
495 1447 516 1511 ⁴.
562 1450 608 1510 De
631 1448 689 1510 hoc
713 1449 778 1528 ipso
803 1445 896 1509 ⁵dicit
920 1449 1026 1508 iterum
1051 1446 1174 1507 Daniel:
1196 1442 1263 1508 ⁶Et
1287 1451 1363 1511 cidi
1387 1470 1471 1531 quar-

314 1580 321 1592 t
349 1565 409 1619 iam
432 1556 579 1632 bestium,
603 1533 735 1632 nequem
757 1561 786 1613 et
806 1552 937 1630 sortem,
962 1560 991 1611 et
1014 1553 1187 1613 saeviorem
1211 1556 1353 1617 coeteris
1377 1538 1472 1618 bestiis

348 1661 492 1736 morinis,
519 1667 548 1720 et
572 1665 787 1736 apparuerunt
809 1658 856 1718 itti
880 1657 990 1717 decem⁴
1007 1674 1145 1729 cornum·
1168 1665 1197 1717 et
1216 1660 1373 1720 escendit
1396 1661 1471 1722 oliui

351 1783 449 1828 cornu
473 1763 564 1823 breoe
588 1762 621 1821 in
643 1762 902 1837 mamiliorum,
927 1769 956 1822 et
978 1762 1091 1840 dejecit
1113 1780 1233 1823 cornua
1257 1764 1326 1827 tria
1353 1767 1395 1828 de
1415 1785 1469 1827 ma

234 1853 236 1860 ¹
344 1867 473 1949 juribus
499 1867 654 1928 cornibus.
702 1862 894 1949 'Intelligere
919 1882 994 1946 ergo
1018 1865 1169 1927 debemus.
1214 1866 1326 1930 Adhuc
1353 1877 1384 1932 et
1407 1887 1470 1952 roge

350 1989 406 2034 vos
430 1977 565 2051 tanquam
591 1989 667 2034 uinus
691 1991 729 2032 ex
752 1971 847 2049 vobiS,
872 1988 975 2034 onrnes
998 1988 1099 2031 amens
1120 1989 1211 2051 super
1227 1973 1363 2036 unimam
1380 1994 1470 2054 meon,

351 2075 554 2138 ut‘ettendetis
571 2078 667 2153 vobis,
684 2081 713 2136 et
728 2092 789 2136 non
805 2076 940 2137 similetis
956 2077 1009 2152 eis
1027 2076 1076 2155 quii
1092 2083 1212 2156 peccate
1228 2095 1284 2139 suo
1298 2088 1470 2163 congerunt

352 2186 381 2242 et
397 2180 509 2242 dicunt:
527 2181 594 2260 quie
611 2159 819 2241 testamentum
835 2179 951 2242 illorum
969 2186 999 2240 et
1014 2174 1094 2241 ⁸non
1109 2188 1241 2244 nostrum
1257 2191 1313 2246 est
1340 2187 1470 2250 Nostrum

352 2292 465 2365 eutem,
497 2287 564 2367 quie
589 2286 630 2347 illi
654 2286 682 2346 in
706 2291 881 2367 perpetuum
908 2284 1100 2366 perdiderunt
1129 2285 1216 2364 iliud,
1250 2291 1337 2368 quod
1363 2292 1470 2374 Moyses

352 2391 475 2470 accepit.
520 2391 597 2450 Dicit
621 2390 697 2452 enim
722 2389 889 2470 Scriptura:
921 2384 992 2450 ⁹1n
1015 2387 1079 2465 fuit
1100 2389 1221 2472 Moyses
1245 2393 1280 2452 in
1303 2406 1414 2460 monte
1428 2401 1471 2478 je·

345 2497 468 2574 junone
490 2494 544 2555 XL
569 2495 679 2555 diebus
703 2503 733 2554 et
754 2472 807 2554 ML
832 2494 994 2566 noctibus;
1025 2503 1054 2554 et
1077 2497 1198 2572 occepit
1221 2504 1472 2565 testamentum

351 2598 493 2673 Domino,
519 2597 643 2659 ininius
667 2599 822 2676 lapideus,
846 2599 981 2678 scriptas
1002 2611 1093 2661 monn
1108 2600 1175 2662 Dei.
1215 2600 1275 2663 Sed
1293 2609 1473 2669 conversim

339 2701 430 2763 -idole
454 2686 649 2781 perdiderunt
671 2702 749 2765 illud.
795 2704 873 2766 Dicit
896 2706 972 2766 enim
996 2703 1139 2765 Dominus
1162 2704 1277 2788 Moysi:
1303 2705 1335 2745 ¹⁰
1353 2711 1473 2792 Moyses,

353 2805 507 2866 descende
530 2806 682 2882 celerias,
714 2809 789 2885 quia
807 2809 973 2888 praeteriit
994 2795 1089 2888 lenem
1109 2811 1247 2887 popalus
1272 2821 1370 2895 tuns,
1402 2836 1474 2897 quen

352 2910 551 2971 sensistine
574 2918 659 2971 terra
675 2910 814 2992 Aeyypti.
834 2951 835 2958 κ
852 2914 888 2974 Et
911 2915 1039 2995 projecit
1062 2914 1183 2994 Moyses
1208 2915 1327 2980 tubulas
1353 2921 1474 3003 lapideas

352 3012 391 3074 de
406 3012 538 3074 menibus
555 3014 627 3092 suis,
650 3020 679 3076 et
695 3014 876 3079 confractum
893 3025 939 3079 est
955 3024 1161 3080 testamentum
1177 3038 1294 3099 eorum,
1314 3033 1350 3087 ut
1369 3027 1473 3088 dilectio

362 3165 417 3230 .¹)
435 3163 452 3216 Ι.
467 3181 489 3215 e.
505 3169 683 3222 Astiiciristus
693 3171 752 3234 jam
764 3180 822 3222 astte
833 3188 901 3238 por·
930 3170 1006 3238 logie.
1043 3171 1116 3222 Wien
1136 3172 1211 3224 1852.
1248 3173 1276 3227 T.
1297 3177 1344 3231 VI.
1365 3180 1392 3233 P.
1411 3181 1439 3234 M.
1457 3197 1474 3248 p.

289 3280 292 3284 -
352 3260 410 3316 tas,·
431 3257 504 3305 Deus
522 3254 592 3304 enim
606 3262 721 3321 tempore
734 3259 901 3320 abbreviavit,
929 3257 991 3307 een
1021 3258 1475 3322 Sensusest:Jirdneietliiionitn

352 3345 382 3390 nt
399 3355 510 3406 rennues
529 3341 631 3391 Christi
654 3343 733 3393 eitius
758 3345 900 3395 adueniret.
929 3348 1099 3407 conitendum,
1134 3349 1307 3404 Christianos
1339 3372 1379 3408 es,-
1404 3374 1474 3425 yen-

353 3421 404 3474 etr.
424 3423 488 3473 Dan.
508 3425 533 3488 9,
553 3424 594 3475 21.
614 3425 656 3474 27.
928 3435 1032 3484 iiius
1051 3436 1184 3485 venientes
1201 3445 1305 3502 partem
1326 3459 1384 3495 non
1396 3447 1475 3496 isaias

387 3510 416 3576 2)
435 3509 453 3560 i.
468 3526 490 3561 e.
508 3514 675 3565 abbreviavit.
703 3512 747 3564 Ms.
761 3517 900 3567 {interdicit
926 3522 1137 3586 promissionum
1147 3526 1303 3576 etceeieris
1313 3530 1474 3583 Testamenti

388 3595 417 3662 3)
437 3596 499 3648 Dan.
520 3599 544 3662 7,
555 3598 605 3648 24.
932 3633 958 3642 -
973 3602 1149 3669 Conjecturom
1161 3607 1225 3658 huuc
1234 3612 1360 3678 recipere
1370 3617 1475 3668 uolentes

387 3683 417 3748 4]
436 3681 452 3733 1.
473 3699 495 3734 e.
516 3700 571 3734 eum
598 3685 720 3752 depositis
746 3687 847 3756 regibus
875 3697 900 3738 et
928 3690 1011 3741 iocum
1030 3701 1142 3745 nostrum
1161 3694 1193 3743 ita
1214 3691 1350 3760 exoticent
1370 3709 1474 3770 oportet:

351 3782 430 3835 regno
452 3785 538 3819 eorum
559 3780 714 3823 evertentur.
928 3781 1027 3830 deduci
1045 3789 1068 3830 et
1084 3782 1221 3833 libiotritue
1238 3785 1476 3853 ieeemdmia'icsn

388 3853 415 3914 5)
438 3853 478 3904 Sc.
497 3856 588 3920 pusillo
607 3877 642 3905 =
661 3859 824 3910 Antichristo.
926 3867 978 3915 'sien
991 3867 1079 3916 sotum
1089 3868 1217 3934 Jttdaeos,
1231 3873 1318 3924 sedet
1331 3892 1386 3930 isos
1399 3874 1475 3943 (Chri-

388 3939 415 3998 6)
437 3940 499 3990 Dent
519 3943 544 4006 7,
564 3944 587 3994 7,’
607 3944 630 4003 8,
927 3951 1034 4014 suanos)
1054 3955 1171 4021 attinere
1190 3960 1363 4013 centendunt.
1394 3961 1428 4014 Et
1441 3978 1475 4013 ss·

387 4026 416 4092 7)
435 4027 453 4077 1.
467 4043 489 4076 e.
508 4020 648 4096 necdentes
667 4033 764 4095 simus,
780 4049 816 4090 ne
832 4049 899 4101 per·
927 4038 1040 4102 quentia:
1052 4040 1154 4090 Revera
1164 4050 1250 4093 aretem
1256 4047 1360 4110 foedum
1368 4053 1475 4103 divinia!

353 4127 444 4164 eamus
463 4117 491 4165 iu
511 4119 657 4167 tentatione.
696 4161 703 4180 ,
926 4133 1054 4189 nastrum
1067 4126 1154 4177 scium
1172 4136 1220 4190 est,
1239 4145 1294 4182 non
1315 4137 1475 4189 Judaeum

385 4195 415 4262 8,)
441 4202 499 4251 Non
524 4207 584 4249 ante
608 4210 729 4254 nostram
756 4203 899 4274 ponendum
926 4209 1014 4261 simui.

353 4294 410 4331 esse
436 4283 545 4346 conjicit,
557 4283 600 4333 Dr.
627 4274 701 4338 Noite
724 4289 748 4337 iu
772 4292 901 4344 Scteiuer
978 4295 1008 4357 9)
1027 4294 1108 4346 Exed.
1127 4295 1171 4362 31,
1191 4299 1232 4349 18.
1253 4301 1297 4367 34,
1321 4305 1370 4365 28,

353 4372 401 4418 etc.
420 4366 566 4419 zeitschrift
590 4369 630 4420 fiir
654 4371 676 4422 d.
696 4371 791 4426 kothoi.
812 4375 913 4448 Theo„
962 4380 1006 4447 10)
1026 4380 1103 4434 Exod.
1124 4382 1168 4450 32,
1189 4387 1212 4436 7.
1249 4386 1331 4442 Dent.
1353 4395 1381 4461 9,
1403 4397 1442 4447 te.
