3659 5209
603 1190 836 1313 'sanent
873 1197 1214 1315 rotronttrt

382 1384 721 1449 sttttttnnteoutttt
751 1385 963 1441 Ertscoet
992 1387 1042 1440 ET
1072 1386 1440 1447 ntnnottntttrttts

889 1528 935 1582 AD
1002 1524 1007 1539 ²

525 1604 959 1756 inritare-uses
1002 1671 1302 1760 urtsroun.
1361 1654 1363 1658 ’

344 2032 380 2101 f
437 2006 623 2089 Polycarpus
643 2011 673 2067 et
696 2005 746 2086 qui
770 2023 837 2067 oum
861 2021 898 2067 eo
929 2005 1099 2087 presbyteri
1126 2006 1271 2070 ecciesiae
1294 2009 1366 2090 Dei,
1399 2031 1476 2093 quaa

490 2109 722 2192 ¹peregrinatur
753 2106 937 2191 ²Pirilippis:
968 2108 1172 2172 misericordia
1203 2113 1288 2176 vobis
1318 2120 1348 2175 et
1376 2134 1476 2196 paxa

483 2215 549 2277 Deo
580 2214 785 2295 omnipotente
815 2220 845 2277 et
876 2232 892 2276 a
924 2213 1050 2276 Domirm
1078 2213 1151 2278 Jasu
1176 2215 1294 2282 Christo
1324 2219 1477 2282 salvatore

485 2324 590 2386 nostro
612 2318 828 2403 multiplicatur.
997 2317 1005 2333 ²

301 2548 304 2587 ι
346 2514 385 2579 1.-
395 2513 483 2577 Laus
499 2488 537 2575 oli
553 2511 860 2594 bauiynitatemcryo
872 2513 993 2592 fratres
1007 2511 1131 2575 uinctos
1147 2518 1178 2575 at
1190 2511 1228 2579 ob
1239 2513 1332 2593 fidam
1344 2515 1474 2595 firmum.

301 2654 304 2713 ;
365 2702 368 2707 ,
440 2632 834 2719 magnoperecongavisos
863 2651 928 2696 sum
957 2633 1043 2696 vobis
1066 2634 1095 2695 in
1119 2634 1245 2699 Domino
1271 2643 1376 2700 nostro
1398 2635 1473 2699 Jesu

301 2778 305 2819 ι
352 2740 490 2819 Christo,
521 2736 629 2821 ³quod
652 2757 744 2801 verae
767 2737 917 2800 charitatis
940 2738 1083 2820 imagines
1114 2740 1305 2822 suscepistis,
1338 2748 1367 2803 et
1392 2739 1472 2822 quod

301 2884 305 2925 2
336 2852 441 2928 orout
464 2843 562 2906 decuit
583 2861 649 2923 vos,
673 2834 801 2906 comitati
825 2844 896 2905 estis
921 2860 985 2921 eos,
1010 2843 1059 2922 qui
1083 2843 1221 2924 implicati
1244 2852 1313 2908 sunt
1338 2846 1472 2924 vinculis,

301 2996 304 3030 ,
351 2966 430 3032 quae
453 2949 564 3012 sanctis
587 2948 785 3026 conveniunt,
815 2965 952 3028 quaeque
982 2946 1145 3012 diademata
1171 2956 1242 3012 sunt
1271 2968 1391 3029 eorum,
1422 2949 1474 3031 qui

300 3112 304 3137 ,
350 3070 426 3119 vare
448 3059 516 3117 sont
539 3073 555 3116 a
578 3052 644 3115 Deo
666 3058 696 3114 et
717 3051 844 3115 Domino
867 3057 972 3114 nostro
994 3053 1103 3130 electi;¹
1131 3060 1161 3117 at
1189 3053 1269 3137 quod
1298 3055 1381 3118 iirnra
1403 3054 1474 3117 fidei

351 3152 471 3225 uestrae
493 3157 588 3235 radin,
611 3154 674 3218 ⁴ab
699 3156 826 3236 antiquis
850 3157 1033 3236 temporibus
1056 3162 1241 3240 annunciata,
1264 3177 1361 3241 usqua
1377 3159 1474 3221 adhuc

300 3334 302 3347 Ι
351 3270 506 3346 permanet
528 3281 564 3324 ao
588 3259 713 3323 fructum
737 3259 874 3322 offertio
897 3260 1024 3332 Domino
1047 3269 1151 3325 nostro
1172 3264 1245 3327 Jesn
1269 3264 1397 3343 Christo,
1423 3263 1475 3344 qui

300 3352 302 3357 ⁵
351 3386 408 3451 pro
431 3367 695 3457 peccatisnostris
718 3382 814 3445 usqua
837 3362 873 3425 nd
890 3370 1015 3437 nrortem
1031 3364 1173 3430 devenire
1192 3370 1337 3449 sustinuit,
1362 3366 1475 3450 ⁵quem

351 3475 554 3538 resuscitavit
574 3473 679 3548 Deus,
712 3472 826 3534 solutis
850 3469 1013 3533 doloribus
1039 3472 1165 3552 inserui.
1211 3469 1276 3536 ⁶In
1298 3490 1474 3554 quamnon

350 3579 495 3641 videntes
519 3577 666 3652 creditis,
699 3577 857 3637 medentes
880 3584 983 3638 cotem
1005 3578 1174 3639 exsultatis
1197 3577 1321 3639 laetitio
1341 3579 1473 3640 inenor-

350 3683 446 3747 robili
470 3692 500 3745 at
520 3683 718 3763 utorifiocto5
741 3681 770 3743 in
787 3701 873 3763 quam
890 3681 969 3744 multi
987 3678 1157 3743 desiderant
1176 3681 1309 3757 introire,
1332 3681 1473 3758 scientes,

352 3786 433 3870 quod
457 3781 469 3822 ²
482 3788 589 3869 oratio
611 3786 845 3865 estissalooti,
877 3805 941 3848 non
970 3804 1011 3846 aa
1043 3784 1208 3863 operibus,
1240 3783 1294 3847 sad
1324 3783 1475 3846 voluntate

350 3893 408 3957 Dei
431 3892 611 3975 pertesum
636 3891 791 3954 Christum.
1179 3883 1181 3887 ’

352 4067 393 4119 cui
405 4064 479 4118 *bene
497 4065 628 4133 respondit
645 4065 690 4117 lta.
706 4068 858 4136 venatuum·
875 4064 900 4114 in
962 4067 991 4127 5)
1010 4068 1066 4118 ttct.
1084 4066 1110 4132 2,
1129 4062 1172 4114 at.

351 4151 459 4220 Ttibiug.
490 4151 568 4205 theol.
600 4151 792 4216 Quamaiachriit
825 4151 901 4203 1851.
963 4153 993 4220 6)
1013 4153 1024 4204 l
1041 4153 1108 4205 Patr.
1129 4151 1153 4218 1,
1172 4151 1197 4203 8.

318 4256 376 4310 'p.
395 4236 466 4291 tos!
503 4272 534 4283 ..
834 4308 837 4321 Ι
963 4239 1105 4307 7)Ephea.
1125 4239 1238 4308 2,β.9.

383 4324 416 4394 4)
435 4323 499 4377 Pttt.
520 4323 544 4391 1,
563 4325 588 4387 5,

404 4429 472 4470 istaec
485 4433 549 4480 aaut.
566 4427 600 4471 ad.
615 4428 650 4474 tv.
1227 4416 1266 4483 17

1474 4486 1585 4628 Ι
