3659 5209
262 550 292 609 s.
310 548 522 619 suttonam]
707 547 963 607 rnousoousna.
1290 555 1397 611 mxv

356 712 434 776 Vll..
450 711 611 794 Epistulam
632 711 779 774 ecclesiae
795 711 987 794 Smrneosis
1008 714 1118 796 primus
1134 734 1245 798 graece
1261 724 1290 780 et
1306 718 1397 780 latine

261 816 345 900 (sed
376 836 489 900 graece
520 836 579 879 non
611 813 774 898 integram)
807 817 899 880 edidit
926 820 1037 882 Petrus
1059 820 1241 884 Holloiaeica
1270 824 1298 884 in
1330 826 1396 886 vitis

263 925 390 994 Petrum
407 923 542 986 oriental.
560 923 591 985 T.
608 922 628 983 l.
646 919 683 1004 ¹).
722 922 870 1004 integram
894 931 991 985 autem
1016 944 1079 987 eant
1103 944 1180 989 anno
1208 924 1288 990 1647
1312 927 1395 991 Lon-

267 1028 335 1089 dini
359 1047 398 1090 ex
419 1027 590 1109 blenologio
613 1044 725 1108 graeco
749 1044 817 1088 mss.
841 1026 964 1091 B'arocc.
990 1031 1141 1111 evulgavit
1165 1033 1314 1111 Usserius,
1337 1035 1395 1098 Pa-

266 1135 351 1196 risiis
376 1118 547 1196 cotelerius.
593 1131 724 1193 Eandem
750 1131 857 1195 deinde
880 1134 963 1195 Actis
983 1134 1144 1217 Martyrum
1167 1137 1294 1199 sinceris
1316 1137 1394 1198 aaa·

265 1246 381 1301 nortus
410 1238 552 1316 intexuit,
584 1243 614 1298 el
635 1236 784 1299 smithius
809 1239 931 1301 editioni
954 1239 1027 1320 Epp.
1052 1240 1157 1321 ignatii
1190 1248 1219 1302 et
1241 1242 1396 1324 Polycarpi

263 1343 379 1406 addidit
404 1340 495 1406 1709.
543 1343 696 1406 Smitbium
728 1349 847 1405 secutus
880 1350 926 1405 est
955 1345 1153 1408 Galloadias.
1198 1347 1395 1408 Nouissimam

261 1456 294 1510 et
318 1449 568 1534 elegantissimam
593 1446 753 1509 editionem
780 1445 877 1527 1838,
905 1447 988 1513 1840
1011 1457 1041 1513 ct
1067 1448 1148 1514 toda
1173 1450 1283 1513 Oxonii
1307 1451 1395 1513 evul-

259 1556 348 1638 gavit
379 1554 596 1630 Joc'obsoaus,
632 1554 726 1615 tribus
760 1555 927 1634 codicibus,
962 1555 1162 1634 Barocciaoo,
1196 1555 1329 1618 Parisino
1364 1563 1395 1618 et

261 1658 666 1723 Caesareo-vindobonensi
690 1676 771 1720 usus.

352 1765 423 1827 Vlll.
460 1764 504 1827 De
528 1764 675 1826 doctrino
698 1763 784 1844 hujus
808 1765 953 1846 epistolae
976 1765 1027 1826 cir.
1044 1765 1187 1845 Lamper‘,
1212 1767 1279 1828 hist.
1301 1767 1392 1830 theol.

259 1871 326 1934 crit.
353 1871 385 1933 T.
406 1868 438 1931 ll.
462 1888 490 1952 p.
515 1865 706 1944 ascl-alts-
728 1869 855 1946 Md'lrler,
879 1870 1027 1953 Patrolog.
1052 1872 1085 1934 Τ.
1107 1873 1127 1934 l.
1152 1891 1179 1952 p.
1206 1869 1284 1948 1583
1315 1873 1390 1935 Pcr-

257 1974 553 2051 maaedar„Patrol.
577 1973 714 2054 specialis
739 1974 771 2036 T.
796 1974 816 2036 l.
841 1993 868 2055 p.
893 1969 944 2038 b'll.

352 2079 401 2141 lX.
436 2078 586 2140 Addamus
609 2078 747 2159 denique,
772 2097 849 2158 quae
869 2079 1166 2157 Thomas‘Smitbius,
1190 2083 1272 2144 lestis
1296 2072 1388 2146 odad-

258 2203 371 2266 πτης,
403 2182 440 2244 de
461 2183 634 2265 Smyrnensi
663 2182 895 2263 amphitheatro,
930 2201 988 2263 quo
1014 2185 1041 2245 S.
1065 2183 1246 2265 Polycarpus
1276 2198 1390 2270 martyr

256 2289 420 2372 gloriosus
443 2288 521 2366 obiit,
545 2288 641 2370 deque
665 2289 730 2370 ejus
754 2287 894 2368 sepulcro
920 2295 1037 2349 enarrat
1062 2288 1107 2349 bis
1130 2289 1229 2351 verbis
1246 2287 1295 2372 ²):
1321 2292 1388 2368 „nd

257 2394 368 2470 latera,
392 2393 493 2474 inquit,
517 2393 638 2477 alterius
662 2401 768 2474 portae
787 2394 875 2471 arcis,
899 2412 976 2473 quae
993 2392 1029 2453 ad
1047 2391 1198 2467 Orientem
1216 2400 1270 2472 est,
1295 2397 1390 2458 adbuc

257 2500 401 2561 visuntur
423 2497 500 2559 duae
522 2499 649 2578 aquilae,
672 2498 873 2561 Romanorum
892 2499 1030 2580 insignia,
1053 2498 1252 2580 largiusculae
1268 2505 1298 2560 et
1313 2500 1390 2562 belle

259 2604 383 2686 quidem
406 2598 579 2664 delineatae.
626 2603 700 2665 llinc
723 2605 799 2666 inter
823 2602 1082 2681 descendendum,
1115 2604 1241 2683 amplum
1272 2605 1390 2684 amphi-

254 2709 409 2773 theatrum
433 2708 468 2768 ad
485 2707 712 2787 Notapeliotem
737 2726 796 2788 quo
813 2709 841 2772 S.
857 2708 1039 2789 Polycarpus
1064 2709 1204 2789 martyrio
1228 2715 1389 2771 coronatus

258 2818 326 2890 est,
351 2811 548 2890 intravimus,
579 2812 722 2896 gradibus
752 2813 852 2873 saxeis
882 2831 898 2873 a
923 2814 1027 2874 Turris
1058 2813 1095 2873 ad
1127 2813 1275 2875 ornandas
1298 2813 1389 2876 aedes

255 2918 342 2982 illino
364 2917 495 2980 sublatis.
534 2917 673 2998 lncujus
696 2916 836 2979 lateribus
861 2915 937 2979 duae
959 2936 1118 2995 cavernae,
1142 2919 1248 2998 quibus
1265 2918 1388 2982 claude-

256 3024 371 3087 bantur
392 3022 507 3099 leones,
531 3023 586 3083 sibi
603 3023 728 3083 invicem
746 3030 943 3104 opponuntur.
982 3022 1156 3104 Sepulcrum
1174 3023 1202 3086 S.
1220 3022 1386 3106 Polycarpi,

257 3127 343 3216 quod
363 3128 395 3188 in
417 3127 512 3189 latere
534 3127 642 3188 montis
665 3125 810 3188 adversus
826 3126 1040 3190 Euroaustrum
1064 3126 1160 3189 adbuc
1183 3135 1386 3209 conservatur,

257 3234 369 3298 Graeci
393 3233 441 3294 die
463 3231 560 3310 testo,
593 3234 685 3314 ipsius
708 3233 869 3294 memoriae
898 3237 1091 3308 consecrato,
1123 3249 1304 3313 promote,
1336 3234 1386 3313 qui

258 3339 339 3420 apud
363 3329 600 3418 ips'osobtinet,
633 3337 807 3400 solemniter
837 3338 976 3399 invisunt.
1024 3336 1115 3399 Situm
1139 3344 1186 3398 est
1208 3339 1237 3399 io
1260 3339 1385 3417 quadam
1506 3344 1509 3349 '

257 3441 405 3519 aedicula,
428 3441 576 3510 ecclesiae
594 3441 671 3505 lorte
687 3442 806 3519 sacello,
831 3443 888 3518 alii,
911 3459 1069 3522 perquam
1086 3440 1155 3503 illuc
1172 3440 1385 3502 transeundum

258 3554 323 3626 est,
340 3547 490 3629 contigua.
528 3545 559 3608 ln
583 3546 642 3608 hoc
663 3553 855 3609 monumento
881 3546 1082 3622 instaurando,
1106 3547 1131 3607 si
1152 3547 1188 3607 ab
1208 3547 1386 3626 impressio-

257 3652 348 3715 nibus
371 3649 478 3729 ale‘riis,
511 3650 536 3713 si
557 3651 721 3737 aTurcis,
754 3653 779 3712 si
810 3651 1022 3713 aCbristianis
1053 3649 1303 3729 occidentalibus,
1336 3652 1385 3731 qui

255 3753 425 3838 fragmenta
449 3755 603 3817 marmoris
628 3757 712 3836 quasi
736 3762 779 3819 lot
801 3757 942 3835 reliquias
966 3754 1075 3816 exinde
1099 3753 1221 3832 tollunt,
1252 3754 1385 3820 laedatur

255 3867 500 3940 temereturque3
535 3860 689 3924 laudabilis
723 3862 837 3924 illorum
874 3860 1037 3922 collocatur
1069 3877 1180 3938 opera,
1215 3861 1273 3923 olla
1305 3861 1384 3924 sectili

256 3982 383 4046 quoque
405 3965 462 4026 illic
485 3967 637 4046 apposita,
670 3967 700 4028 in
724 3985 810 4046 quarn
834 3966 961 4046 quisque
985 3963 1050 4025 lere
1080 3982 1152 4045 prae
1167 3968 1383 4043 'veneratione

256 4086 316 4150 qua
342 4087 415 4152 erga
437 4063 493 4131 uda
515 4060 797 4158 Μεγαλομάρτυρα
819 4063 886 4151 pro*
900 4068 1016 4129 Christo
1040 4068 1148 4129 invicta
1172 4070 1260 4132 animi
1291 4086 1382 4151 prae-

293 4223 322 4291 l)
342 4222 416 4274 Duae
426 4231 524 4276 exstant
536 4225 667 4276 versiones
679 4226 805 4294 antiquae,
868 4224 897 4290 2)
918 4223 994 4273 ltotta
1007 4231 1072 4290 sept.
1087 4223 1164 4274 Asiae
1177 4221 1269 4273 eccles.
1285 4237 1308 4286 p.
1323 4219 1381 4270 lot.

250 4325 366 4378 quarum
394 4309 474 4364 altera
487 4317 682 4398 ‘metaphrasta
712 4314 808 4380 potius,
835 4293 894 4361 edit.
909 4307 989 4361 Oxou.
1006 4309 1080 4360 1672.
1106 4297 1232 4383 Lamber-
1250 4307 1266 4358 l.
1278 4322 1300 4358 c.
1314 4305 1341 4357 Τ.
1351 4305 1382 4358 ll.

256 4412 332 4467 quam
350 4402 444 4453 versio
461 4405 508 4451 cat.
833 4414 858 4464 p.
878 4398 938 4449 461.
1242 4397 1245 4403 '
1279 4415 1281 4420 ·

1368 4719 1377 4734 .
1437 4548 1526 4662 Ι
