3659 5209
703 545 722 599 r.
742 545 926 600 cssnsmrs
944 545 990 598 no
1009 544 1084 601 con.
1102 545 1121 600 r.
1139 545 1170 601 n.
1455 555 1496 619 55

325 791 327 794 y
371 707 460 771 vobis
489 707 566 770 iacta
591 716 676 788 sunt,
709 716 739 771 et
762 711 791 771 in
814 709 869 772 Dei
901 708 1043 792 ¹legibus
1074 710 1261 791 ambulastis,
1290 709 1496 796 ²praepositis

370 812 481 875 vestris
504 811 631 892 subditi,
653 820 683 875 et
704 813 920 895 presbyteros,
951 815 1000 894 qui
1023 821 1092 877 sunl
1114 815 1191 876 inter
1214 833 1288 894 vos,
1311 816 1410 881 debito
1434 819 1494 883 lno-

309 946 315 981 :
369 935 446 980 nore
472 923 699 998 prosequentes.
745 917 926 995 iuvenibus,
961 925 992 981 ut
1014 918 1167 982 moderata
1191 927 1221 982 et
1243 919 1368 984 honesta
1392 929 1493 987 secta-

369 1027 489 1100 rentur,
520 1022 678 1084 mandastis
686 1043 696 1099 3
727 1023 899 1090 mulieribus
929 1024 958 1084 in
989 1025 1174 1106 inculpabili,
1204 1025 1329 1088 honesta
1360 1032 1390 1088 et
1413 1036 1493 1093 casta

309 1153 316 1193 r
369 1125 552 1188 conscientia
571 1127 673 1189 'omnia
699 1144 848 1208 peragere
870 1127 1020 1208 jussistis,
1052 1125 1241 1211 ³diligentes
1268 1131 1389 1192 maritos
1411 1148 1492 1210 suos,

367 1237 457 1310 prout
480 1229 610 1292 cilicium
629 1231 773 1313 postulat;
797 1237 827 1292 et
846 1231 874 1293 in
895 1230 1084 1295 obedientiae
1108 1230 1252 1297 ‘conone
1275 1251 1310 1295 se
1333 1235 1493 1296 continen-

313 1408 316 1419 Ι
368 1340 422 1413 tes,
445 1353 495 1397 res
515 1335 693 1399 domesticas
712 1354 778 1405 curn
796 1336 943 1418 gravitate
964 1338 1168 1402 administrare
1192 1339 1347 1417 docuistis,
1372 1338 1492 1401 omnino

367 1439 493 1503 honeste
516 1459 550 1503 se
572 1449 723 1524 gerentes.

523 1631 556 1693 ss.
603 1631 801 1697 Continoolio
825 1634 931 1697 laudis
950 1635 1073 1714 prioris
1097 1624 1338 1699 Corinthiorum.

450 1753 562 1817 Omnes
580 1754 678 1817 bumili
695 1757 793 1820 animo
812 1759 912 1836 eratis,
935 1758 964 1820 in
985 1759 1063 1822 nulla
1085 1776 1119 1820 re
1138 1759 1218 1820 inani
1237 1756 1409 1840 gloriationi
1430 1756 1489 1819 de·

309 1892 319 1927 =
365 1857 424 1936 diti,
448 1858 513 1920 aliis
532 1856 679 1942 ⁵subjecti
697 1862 806 1942 potios,
829 1881 916 1942 qnam
933 1863 1007 1925 alios
1025 1862 1111 1924 vobis
1130 1864 1333 1944 subjicientes,
1353 1857 1487 1924 ⁶luben-

362 1963 419 2024 tius
451 1961 575 2041 dantes,
607 1983 694 2044 quam
725 1966 917 2046 accipientes.
962 1965 1017 2026 Dei
1049 1960 1183 2027 'viatico
1214 1967 1362 2043 contenti,
1396 1972 1425 2027 et
1447 1965 1485 2028 ad

309 2096 319 2147 ,¹
361 2068 455 2129 verba
486 2067 552 2147 ejus
582 2066 740 2148 diligenter
773 2061 1005 2146 ⁸'attendentes,
1038 2069 1138 2130 intime
1160 2064 1343 2131 ⁹recondita
1365 2071 1396 2132 in
1418 2071 1484 2133 vis-

312 2202 315 2217 =
360 2171 483 2233 ceribus
513 2171 693 2233 servabatis
709 2172 800 2234 verba
832 2175 1074 2256 eJus,.ej,usque
1106 2173 1261 2253 passiones
1293 2174 1377 2235 vobis
1410 2193 1483 2255 praa

364 2271 390 2313 ¹⁰
401 2275 498 2336 oculis
522 2281 614 2337 erant.
645 2276 707 2340 ,Sic
729 2277 785 2339 alta
807 2283 836 2339 et
850 2277 1001 2340 abundans
1019 2297 1094 2360 pax,
1117 2294 1183 2338 cum
1200 2276 1370 2357 inexplebili
1387 2278 1483 2340 beno-

358 2379 490 2442 faciondi
513 2378 678 2457 desiderio,
703 2382 838 2444 omnibus
862 2381 929 2444 data
951 2381 1020 2459 ioit3
1044 2380 1132 2463 plena
1156 2380 1243 2442 etiam
1266 2364 1356 2459 super
1379 2398 1482 2443 omnes

356 2484 481 2566 spiritus
503 2486 597 2547 sancti
620 2483 727 2547 effusio
750 2483 826 2548 lacta
850 2494 915 2563 est3
939 2494 1103 2567 sanctaque
1125 2484 1279 2548 voluntate
1302 2483 1393 2565 pleni,
1415 2486 1483 2547 sin·

358 2607 432 2652 cera
455 2591 543 2652 animi
565 2590 732 2678 alacritate,
767 2609 832 2653 cum
862 2593 909 2673 pia
933 2591 1128 2668 confidentia,
1163 2607 1268 2651 manns
1298 2595 1414 2651 vestras
1444 2588 1481 2653 ad

355 2695 455 2757 Deum
478 2695 710 2776 omnipotentem
733 2695 927 2776 extendistis,
950 2692 1151 2779 supplicantes
1175 2695 1220 2773 ei,
1249 2701 1281 2756 ut
1303 2700 1385 2756 esset
1408 2711 1480 2777 erga

356 2816 414 2861 vos
437 2801 533 2862 animo
561 2796 743 2880 '¹propitio,
767 2800 883 2881 siquid
908 2803 991 2864 inviti
1015 2800 1204 2882 peccassetis.
1249 2798 1306 2860 Diu
1329 2802 1480 2878 noctuque

353 2903 476 2965 solliciti
499 2905 587 2966 eratis
611 2922 666 2985 pro
684 2904 823 2967 universa
847 2902 1080 2984 ¹²iraternitate,
1102 2913 1135 2967 nt
1150 2921 1290 2966 numerus
1313 2902 1477 2964 electorum

353 3009 414 3070 Dei
444 3009 646 3071 misericordia
677 3016 706 3070 et
742 3005 862 3073 '³bona·
888 3011 1072 3073 conscientia
1091 3008 1264 3070 salvaretur.
1310 3006 1425 3071 Sinceri
1447 3014 1477 3069 et

353 3112 506 3193 simplices
529 3113 637 3191 eratis,
667 3119 756 3192 atque
783 3114 955 3195 injuriarum
979 3115 1106 3177 invicem
1133 3110 1157 3149 ¹⁴
1173 3115 1370 3176 immemores.
1416 3112 1476 3177 Se·

350 3341 439 3404 nsitto,
459 3343 487 3388 ut
505 3335 662 3406 frequentius
680 3337 747 3405 apud
764 3340 901 3406 scriptores
928 3342 1017 3390 soniam
1035 3347 1073 3390 ost
1092 3341 1127 3404 τῷ
1144 3339 1262 3404 γενέσθαι.
1289 3339 1432 3388 Jaoossos.

351 3425 513 3476 christianos.
947 3425 991 3491 12)
1010 3422 1061 3476 cn.
1080 3423 1169 3476 lPetr.
1187 3423 1212 3488 2,
1233 3423 1280 3473 la:
1304 3420 1348 3485 τήν
1366 3417 1473 3485 ἀδελφό-

374 3511 422 3579 10)
441 3509 491 3562 cn.
503 3508 556 3565 (tal.
568 3511 626 3576 3,1.
652 3511 785 3564 Passiones
797 3514 901 3566 Christi
927 3530 993 3575 rasta.

349 3613 401 3667 per
426 3599 679 3653 communicationem
703 3598 847 3651 idiomatum
868 3596 899 3648 rai
946 3598 989 3661 13)
1009 3594 1127 3649 Fortasse
1139 3597 1276 3665 legendnm
1290 3605 1328 3647 est
1340 3592 1473 3659 συναισθή-

349 3680 490 3748 παθὴματα
513 3687 557 3733 τοῦ
582 3683 660 3734 Θεοῦ
687 3692 823 3751 vocantur,
851 3685 897 3736 clr.
926 3702 982 3741 σεως
1001 3705 1036 3730 =
1056 3687 1298 3752 commiseratione,
1317 3683 1472 3751 Mitpsfaibl3
1555 3684 1562 3698 ¹

349 3774 462 3837 Mdblcr,
483 3769 602 3823 Athenas.
616 3771 643 3824 T.
654 3770 673 3823 l.
686 3789 711 3841 p.
721 3771 744 3824 6.
765 3780 790 3823 et
804 3775 897 3840 Gottfr.
925 3788 986 3824 seu:
1009 3767 1175 3834 baronianos,
1195 3773 1327 3824 commoni
1344 3773 1471 3822 orations.

348 3861 485 3927 Lompor,
512 3850 617 3910 historin
634 3858 781 3927 theologico
800 3859 897 3922 critica,
926 3863 1027 3910 ltnorr.
1050 3852 1355 3916 Συνδι’σεως,ωηω,·ᾱεη,
1367 3859 1471 3908 Jumns.

348 3943 379 3996 T·
400 3943 420 3994 Ι·
440 3960 464 4011 p·
484 3944 525 3996 65·
924 3940 1470 4007 Zvrsvdoaiosocbormoniaalcimi.Divis.

371 4030 418 4098 11)
442 4026 520 4086 btstac
560 4030 663 4096 lunius,
689 4030 776 4083 Folius
803 4039 829 4082 ot
855 4029 897 4097 olii
924 4028 1079 4083 Lectiobtsti
1098 4027 1325 4096 placotGallandio
1341 4027 1469 4081 vertenti:

348 4116 449 4170 malunt
457 4115 534 4166 licor.
552 4116 620 4194 Nihil
633 4126 717 4169 autem
729 4125 816 4179 mnto;
834 4115 1044 4222 itabrpunans'mi
1062 4132 1204 4180 conscensu,
1225 4123 1252 4165 ut
1271 4113 1335 4169 inira
1355 4131 1377 4164 c.
1397 4110 1439 4160 34.

346 4205 433 4268 enim,
459 4212 488 4254 ut
510 4211 570 4271 post
587 4203 733 4254 Wottonum
753 4202 815 4254 vidit
833 4201 896 4254 Gal·
944 4204 987 4259 ld)
1005 4202 1049 4253 lis.
1067 4198 1261 4264 draparqotxasor,
1285 4199 1359 4250 male.
1395 4197 1469 4245 Ilor-

346 4290 459 4353 landius,
469 4289 650 4342 adverbialiter
659 4296 816 4356 usurpatum,
828 4308 895 4356 pro-
923 4292 1086 4352 aprqclsaxor,
1105 4290 1193 4341 connis
1208 4290 1277 4338 inter
1292 4301 1342 4338 sos
1353 4286 1470 4352 effossos

343 4379 422 4449 pitis,
442 4375 591 4430 solomano
607 4377 732 4445 propilio,
752 4376 813 4427 sotis
830 4388 895 4427 con·
922 4379 1096 4430 inmmoru.
1126 4377 1200 4424 Bran.
1222 4375 1356 4422 Gannico.

1265 4492 1275 4522 ὓ

1513 4556 1592 4650 Δ
