3659 5209
419 589 486 642 xrrx
614 556 618 561 ’
851 580 1106 636 eaeaaoouaus.
1146 539 1149 556 '
1350 580 1544 651 [ausaausa

421 751 547 833 epistola
570 750 672 810 nestra
695 745 783 808 multa
805 742 937 826 proferri
961 741 1116 819 videntur,
1147 759 1273 822 quorum
1304 741 1383 805 nulla
1409 750 1456 805 est
1480 762 1545 807 cum

422 856 559 930 consitio,=
581 840 750 913 corinthios
774 850 809 911 ad
834 846 1025 912 concordiam
1050 847 1195 923 vocandi,
1223 847 1371 929 cognatio.
1418 848 1545 928 Priore,

369 1029 372 1036 ,
422 961 524 1040 inquit,
549 959 652 1018 decem
675 957 783 1034 capite
806 955 960 1036 qneedam
982 951 1097 1014 hebent
1117 951 1252 1031 eestipia
1274 971 1384 1014 arenas
1404 954 1546 1033 fallacis,

422 1063 478 1124 sed
506 1081 569 1124 non
597 1063 643 1124 ite
673 1060 789 1122 malta:
817 1058 1020 1140 persequitur
1044 1064 1156 1118 auctor
1182 1064 1368 1135 constanter⁸
1383 1060 1549 1120 consiliam

422 1187 518 1230 seam.
564 1167 605 1229 At
628 1168 729 1247 capite
751 1166 798 1227 XI
818 1173 849 1227 et
869 1163 933 1225 XII
954 1163 1003 1223 ed.
1016 1162 1109 1240 fidem
1137 1166 1167 1221 el
1194 1161 1440 1238 hospitalitatem
1464 1183 1548 1227 com·

423 1272 631 1333 mandandam
655 1262 794 1347 accedit,
812 1271 852 1330 in
875 1286 937 1348 qao
962 1267 1051 1327 nulle
1070 1264 1165 1346 pleae
1188 1276 1323 1346 apparet
1346 1269 1551 1333 cohaerentia

424 1394 491 1438 eam
511 1374 783 1454 praecedentibus.
832 1373 991 1447 Quocirca
1006 1390 1119 1449 peram
1136 1370 1233 1447 abest,
1257 1373 1332 1451 qaia
1351 1374 1430 1435 haee
1445 1378 1552 1453 capite

424 1482 597 1543 existimem
609 1482 734 1540 intrese
746 1498 822 1540 esse.
845 1477 941 1539 Redit
951 1478 994 1538 ed
1007 1477 1181 1537 institutam
1196 1475 1336 1539 Clemens
1349 1480 1452 1556 capite
1465 1479 1550 1557 XIII,

424 1596 454 1648 et
475 1589 509 1647 in
532 1606 569 1648 ee
591 1586 694 1663 perpit
716 1585 758 1645 ed
781 1583 926 1645 c.·XXII.
971 1582 1041 1644 IIoc
1063 1600 1137 1643 eere
1160 1583 1264 1659 eapite
1287 1592 1431 1660 repente,
1465 1588 1553 1648 ealle

424 1693 525 1770 ipsam
548 1689 669 1750 ratione
694 1689 856 1763 incitante,
881 1687 923 1748 ed
944 1696 1155 1768 aramentum
1178 1687 1268 1766 Ienpe
1287 1688 1375 1750 eliad
1387 1700 1551 1769 properet,

425 1795 468 1856 ed
490 1796 748 1855 resurrectionem
779 1810 945 1869 carpetam
979 1801 1187 1867 mortuoram,
1219 1793 1256 1852 de
1290 1812 1353 1873 qua
1384 1796 1428 1854 ed
1459 1806 1554 1874 capet

426 1916 523 1976 asqae
547 1896 680 1958 XXVIII
701 1896 838 1958 disserit.
888 1896 998 1973 Capite
1014 1895 1149 1957 XXVIII
1167 1897 1301 1958 instituti
1320 1900 1371 1959 sui
1386 1902 1553 1962 reeordari

427 2004 552 2065 videtur
576 2004 705 2075 iteram,·
723 2012 821 2081 ¹etque
844 2004 939 2081 hajas
963 2002 1078 2081 cepitis
1101 2000 1223 2062 initiam
1246 1999 1321 2062 bene
1345 2005 1553 2085 concinatam
1596 2066 1597 2083 ,

428 2091 655 2184 cepitis'XXI,
681 2107 866 2187 difficillime
887 2125 963 2168 vere
987 2123 1055 2167 eam
1079 2106 1166 2167 accita
1193 2107 1308 2184 cepitr's
1331 2105 1450 2167 XXVII
1462 2109 1552 2189 jenpi
1596 2096 1597 2103 ἵ

424 2221 535 2293 petest.
574 2212 770 2290 Quapropter
793 2231 874 2292 qaae
897 2212 936 2271 de
959 2211 1149 2272 cadaoeram
1172 2211 1205 2272 ia
1227 2211 1325 2272 eitam
1339 2212 1444 2272 redita
1458 2231 1554 2291 prae-

341 2388 344 2402 ¹
429 2296 670 2393 cipiantarsec
693 2317 861 2394 capitibus,
886 2315 1028 2394 sabjecta
1050 2318 1196 2378 eidentar
1219 2336 1287 2377 esse
1314 2317 1463 2380 Clementi
1486 2368 1493 2382 .
1518 2367 1554 2384 ..

429 2421 534 2502 Nepae
557 2424 668 2483 melias
691 2423 836 2483 existimo
853 2422 890 2481 de
907 2421 1063 2498 capitibus
1079 2420 1264 2482 XL-XLV
1275 2429 1305 2482 et
1319 2423 1357 2481 de
1373 2425 1476 2501 capite
1491 2425 1555 2501 LV,

430 2528 542 2607 quihus
565 2546 602 2587 ee
626 2528 728 2607 lepos,
760 2545 839 2605 paee
864 2526 944 2586 nelli
965 2510 1137 2603 potuerant
1159 2527 1192 2587 in
1213 2535 1341 2588 mentem
1362 2530 1472 2591 venire
1494 2530 1556 2593 nisi

429 2633 559 2706 homini,
584 2632 642 2706 rel,
667 2650 760 2710 qaam
783 2633 857 2709 epit,
879 2629 1014 2708 prorsas
1037 2631 1213 2693 immemori.

518 2736 603 2814 erud
636 2734 776 2795 Bernarrli
808 2740 838 2793 et
868 2734 974 2795 Clerici
1005 2737 1105 2797 attinet
1136 2738 1442 2818 argumentationem,
1478 2739 1555 2801 bene

434 2840 595 2900 Wottenas
613 2837 639 2921 ¹)
664 2842 700 2898 ita
726 2838 859 2899 disserit:
883 2839 972 2900 Irriti
995 2849 1094 2902 temen
1109 2852 1184 2904 sant
1198 2844 1292 2921 hejas
1309 2851 1448 2904 renatas.
1497 2842 1555 2917 Oai

430 2946 511 3004 enim
541 2945 602 3004 hec
631 2944 724 3004 rnede
757 2963 797 3004 ee·
821 2944 972 3005 Clemente
997 2944 1218 3009 Alexandrino
1250 2948 1372 3026 erpeit,
1406 2957 1462 3008 eat
1491 2968 1556 3009 eam

430 3066 493 3107 neu
520 3048 621 3123 prehe
652 3050 755 3124 novit,
788 3057 853 3134 eati
873 3051 957 3110 mole
983 3051 1044 3128 fide
1072 3052 1145 3130 epit.
1190 3051 1308 3113 Eadem
1330 3053 1411 3112 enim
1431 3055 1556 3115 ratione

430 3157 532 3210 ectum
555 3169 581 3209 er
590 3154 615 3211 it
637 3153 675 3211 de
699 3153 861 3212 eethenIIe
884 3162 913 3213 et
926 3155 986 3233 fide
1002 3175 1108 3217 ceram
1124 3158 1268 3243 omnium,
1294 3143 1347 3236 qai
1365 3177 1385 3218 a
1403 3157 1555 3219 Clemente

432 3252 589 3315 Alexandr
597 3257 652 3317 iae
668 3276 799 3335 aequam
814 3259 961 3334 citantur,
977 3262 1172 3337 scriptoram.
1205 3260 1314 3322 Nemo
1335 3265 1414 3323 enirn
1430 3261 1557 3326 Petram

431 3361 552 3437 majore
576 3360 704 3421 licentia
727 3375 804 3423 aras
827 3371 873 3424 est
895 3365 929 3423 in
951 3366 1089 3426 citandis
1116 3366 1320 3442 aetheribus,
1351 3369 1417 3427 siee
1440 3371 1556 3445 sacris,
1596 3352 1597 3368 ἶ

431 3465 498 3525 siae
514 3466 646 3526 ethnicis
654 3487 665 3538 ,·
690 3486 756 3528 eam
781 3468 809 3527 ei
833 3469 866 3527 in
882 3485 966 3530 mere
981 3472 1033 3546 sit,
1058 3489 1121 3533 nen
1137 3471 1440 3549 intepra'eethoram
1462 3475 1558 3536 verbe
1596 3462 1597 3499 ³

432 3587 553 3645 semper
575 3570 720 3647 recitare,
745 3572 802 3632 sed
822 3590 883 3649 pre
907 3573 1043 3636 arbitrie
1067 3595 1125 3638 sue
1149 3593 1233 3636 nanc
1253 3577 1447 3651 contrahere,
1477 3598 1559 3640 nanc
1596 3584 1597 3650 t

434 3672 472 3732 de
495 3692 553 3735 sae
577 3676 725 3750 Inserere,
751 3677 818 3738 alie
840 3679 990 3755 emittere,
1017 3680 1084 3740 elia
1105 3681 1207 3742 eeriis
1228 3683 1330 3744 medis
1352 3688 1482 3743 matare.
1596 3659 1597 3745 l

521 3777 685 3840 hlostrernio
711 3779 840 3860 dentque
864 3782 902 3842 ita
927 3783 1172 3863 respondeamus.

478 3879 518 3966 a]
543 3883 631 3963 Capp.
647 3884 690 3945 ¹XI
706 3893 735 3947 et
749 3886 801 3947 XII
817 3888 970 3968 'epistolae
995 3895 1115 3949 nostrae
1132 3905 1197 3948 cum
1218 3889 1465 3950 antecedentibus
1482 3891 1559 3952 bene
1596 3885 1597 3888 '

542 3988 713 4067 cohaerent,
738 3993 846 4071 quippe
870 4009 948 4070 quae
964 3993 1088 4053 eandem
1105 4010 1171 4053 cum
1188 3993 1232 4053 hIs
1250 3995 1398 4054 materIam
1422 4001 1558 4073 tractent,

544 4092 686 4155 incidiae
697 4095 917 4156 Corinthiorum
928 4095 1064 4175 exempla
1073 4097 1312 4174 hospitalitatis,
1323 4100 1438 4178 pietatis
1451 4107 1480 4161 et
1493 4100 1560 4161 fidei

544 4204 704 4278 opponant,
729 4198 875 4276 simulque
897 4216 1011 4279 poenas
1028 4199 1235 4264 dissensionis
1251 4197 1296 4285 (e.
1312 4198 1372 4285 XI)
1390 4204 1559 4268 ostendant.

472 4418 501 4496 1)
518 4418 547 4477 In
564 4419 637 4478 uera
654 4417 687 4470 ed
704 4413 808 4475 telam:
827 4433 850 4476 c.
863 4420 894 4476 ’9.
