3659 5209
553 513 693 571 nauus
711 515 846 572 Pnsrou.
882 516 980 573 LIBER
998 519 1039 574 tlt
1075 521 1200 578 Sldssffl.
1221 525 1285 581 vni
1414 535 1479 600 405
1587 597 1590 603 ,

353 679 395 742 iis
416 677 454 740 ad
477 677 686 760 poenitentiam
709 697 898 762 regressum,
929 699 968 742 ne
998 700 1104 745 rursus
1133 683 1232 766 legem
1254 690 1320 770 ejus
1342 689 1479 754 nefandis

354 780 569 849 maledicerent
584 783 715 845 verbis“
762 785 837 846 Dico
854 784 899 845 ei:
926 787 1120 866 ,nunc'nrihi,
1144 787 1272 869 domine,
1296 792 1478 876 demonstra,

355 887 453 968 qualis
476 887 514 948 sit
529 886 613 949 iocus
630 889 775 969 cujusque
792 906 906 966 eornm,
930 891 980 970 qni
997 891 1097 972 virgas
1113 892 1320 974 reddiderunt,
1342 902 1371 960 et
1385 900 1477 963 sedes

354 1010 477 1070 eornm3
500 998 531 1054 ut
554 991 660 1054 auditis
683 992 728 1054 his
752 1000 789 1054 et·
805 992 936 1071 creditis,
959 994 989 1073 ii,
1013 996 1063 1075 qni
1086 1014 1147 1058 non
1170 999 1374 1062 custodierunt
1395 1002 1477 1067 inte-

354 1115 452 1180 grum,
476 1096 529 1158 sed
554 1096 772 1177 dissipaverunt
793 1098 932 1180 sigillum,
956 1101 1036 1179 quod
1059 1110 1258 1182 acceperunt,
1282 1106 1394 1187 agnitis⁴
1412 1109 1475 1170 suis

354 1201 443 1264 iactis
466 1201 677 1281 poenitentiam
700 1207 864 1284 agant„et
894 1211 1018 1284 accepto
1041 1223 1058 1266 a
1082 1211 1110 1266 te
1131 1207 1232 1288 sigillo
1256 1208 1384 1273 Domino
1406 1211 1477 1274 dent

353 1306 510 1384 honorem,
535 1303 616 1384 quod
639 1305 675 1366 sit
699 1323 790 1386 snper
813 1323 867 1367 eos
891 1314 988 1368 motus
1004 1307 1159 1371 clementia
1174 1328 1238 1389 sua,
1262 1315 1291 1373 et
1306 1313 1419 1380 miserit
1434 1322 1475 1394 te,

353 1418 387 1474 ut
409 1411 528 1491 spiritus
553 1425 656 1471 eorum
679 1410 841 1496 renoves.“
890 1410 1019 1489 ᾖΑιιάἰ,ὀί
1045 1411 1154 1491 inquit:
1183 1411 1354 1495 ¹,quorum
1369 1419 1475 1502 virgae

353 1513 457 1576 aridae
480 1521 512 1575 et
534 1511 670 1594 putridae
692 1520 831 1593 repertae
855 1521 932 1593 sunt,
956 1521 985 1576 et
1000 1516 1082 1577 vetut
1098 1535 1113 1578 a
1130 1518 1208 1580 tinea
1225 1525 1319 1582 tactae
1327 1541 1336 1596 ;
1360 1521 1389 1582 hi
1405 1526 1475 1584 sunt

353 1618 529 1700 transfugae
545 1625 582 1680 -et
605 1617 752 1679 ecciesiae
775 1618 960 1698 proditores,
983 1620 1032 1699 qui
1055 1620 1132 1683 inter
1153 1621 1266 1702 reliqua
1289 1641 1344 1692 sua
1367 1623 1474 1689 delicta

353 1721 491 1786 nefandis
514 1721 615 1783 verbis
640 1721 800 1785 Dominum¹
826 1724 980 1801 insectati,-
1009 1713 1150 1795 ²nornen
1180 1728 1248 1805 ejus
1270 1738 1472 1808 negaverunt,

352 1828 439 1909 quod
456 1845 555 1904 super
579 1845 634 1888 cos
657 1835 727 1888 erat
748 1826 934 1892 inoccatum.
979 1828 1014 1892 Hi
1038 1829 1127 1910 igitur
1149 1847 1252 1892 omnes
1276 1833 1383 1895 mortui
1405 1839 1474 1896 sunt

352 1932 438 2008 Deo,
468 1936 556 2011 atque
587 1930 861 1992 etiarn-neminem-
878 1938 980 1993 eorum
1011 1932 1096 1993 vides
1127 1934 1228 2014 egisse
1251 1938 1473 2017 poenitentiam,

352 2035 472 2111 tametsi
494 2034 642 2105 audierint
664 2032 798 2096 mandata
821 2038 896 2113 mea,
921 2053 998 2114 quae
1022 2041 1052 2095 tu
1069 2035 1111 2095 eis
1127 2038 1290 2115 protutisti;
1313 2041 1348 2102 ab
1365 2040 1472 2123 hujus-

351 2137 436 2222 modi
458 2155 533 2220 ergo
556 2138 723 2200 hominibus
747 2137 832 2199 abest
854 2137 922 2198 vita.
967 2136 1003 2197 Hi
1026 2153 1155 2216 quoque,
1179 2138 1229 2217 qui
1253 2139 1350 2202 aridas
1367 2148 1396 2203 et
1411 2161 1472 2207 non

350 2241 486 2325 putridas
507 2241 704 2320 tradiderunt,
728 2260 788 2305 non
804 2241 911 2322 procul
927 2240 962 2302 ab
979 2239 1034 2301 illis
1051 2238 1187 2316 fuerunt;
1209 2240 1268 2302 iicti
1284 2244 1364 2304 enirn
1377 2254 1471 2325 erant,

350 2354 384 2410 et
408 2345 556 2411 doctrinas
579 2363 686 2426 pravas
703 2345 873 2423 intulerunt,
898 2352 928 2406 et
944 2350 1152 2425 perverterunt
1167 2362 1274 2407 servos
1290 2346 1355 2425 Dei,
1378 2366 1471 2429 prae-

349 2455 442 2532 cipue
465 2468 535 2529 eos,
558 2451 608 2531 qui
632 2457 823 2532 peccassent,
856 2468 925 2512 non·
939 2450 1073 2511 sinentes
1098 2466 1150 2511 eos
1175 2446 1236 2510 ³ad
1259 2451 1471 2530 poenitentiam

348 2555 463 2633 redire,
486 2554 540 2616 sed
564 2555 706 2618 doctrinis
729 2552 818 2617 iatuis
842 2553 1016 2621 detinentes.
1051 2552 1097 2614 Hi
1114 2570 1189 2634 ergo
1211 2553 1320 2616 habent
1335 2555 1371 2617 ad
1387 2573 1472 2636 spem

346 2678 523 2744 regressum
533 2679 542 2735 3
567 2666 655 2740 atquc
679 2660 764 2721 etiarn
781 2659 887 2720 multos
903 2656 987 2719 vides
1004 2675 1097 2738 agere
1112 2659 1332 2739 poenitentiam,
1356 2679 1395 2722 ex
1412 2653 1471 2740 quo

348 2766 397 2827 eis
421 2765 555 2826 mandata
578 2783 643 2827 mea
666 2764 814 2845 protulisti
821 2783 831 2838 3
854 2769 883 2823 et
907 2760 1003 2823 adhuc
1025 2768 1115 2844 agent
1130 2763 1348 2851 poenitentiam.
1394 2764 1471 2837 Qui-

348 2887 479 2948 cumque
502 2886 576 2931 voro
599 2886 659 2931 non
683 2868 800 2949 egerint
821 2866 1049 2947 poenitentiam,
1072 2866 1092 2927 ii
1117 2873 1147 2928 et
1170 2862 1183 2901 ⁴
1205 2867 1373 2947 patientiam
1396 2885 1470 2947 per-

349 2971 508 3050 diderunt,
532 2979 562 3033 et
576 2973 673 3034 uitam
696 2989 778 3034 suam
800 2971 941 3032 amittent.
987 2969 1026 3032 nt
1048 2970 1109 3049 his,
1140 2971 1190 3050 qui
1214 2968 1346 3052 egerint,
1369 2987 1470 3032 murus

344 3077 493 3157 imprimis
516 3076 615 3158 coepit
638 3095 707 3140 esse
730 3075 819 3138 sedes
843 3093 965 3150 eorum3
996 3074 1113 3155 quidam
1143 3091 1216 3136 vero
1240 3075 1326 3134 etiam
1350 3073 1377 3133 in
1402 3078 1469 3134 tur-

347 3183 407 3244 rim
422 3179 638 3243 ascenderunt.
683 3160 773 3242 Vides
789 3181 889 3262 igitur,
913 3179 1017 3258 inquit,
1040 3179 1069 3240 in
1085 3176 1267 3259 poenitentia
1283 3177 1468 3257 peccantium

347 3287 452 3348 inesse
476 3286 574 3363 vitam,
597 3302 658 3347 non
682 3284 831 3366 agentium
847 3300 922 3345 vero
939 3283 1151 3363 poenitentiam
1167 3287 1291 3343 mortem
1307 3281 1467 3361 paratam.“

437 3389 496 3450 itt.
543 3388 607 3467 ,De
628 3389 675 3450 his
697 3374 790 3466 vero,
813 3387 864 3468 qui
881 3378 1059 3449 'semiaridas
1082 3386 1183 3466 virgas
1206 3391 1416 3465 porrexerunt,
1439 3391 1470 3447 et

347 3494 497 3559 scissuras
514 3493 693 3571 habuerunt,
710 3492 798 3554 audi..
814 3492 959 3565 ,Quorum
975 3488 1175 3552 tantummodo
1192 3488 1368 3551 semiaridae
1384 3497 1470 3551 erant

348 3600 473 3678 virgae,
496 3597 526 3658 hi
549 3596 629 3669 dubii
652 3602 736 3672 sunt;
760 3614 823 3661 nec
841 3581 919 3663 eninr
942 3596 1003 3675 vivi
1026 3601 1103 3672 sunt,
1126 3612 1183 3656 nec
1206 3593 1321 3669 mortui.
1367 3592 1406 3655 At
1428 3594 1468 3669 hi,

347 3702 400 3784 qui
415 3700 597 3763 semiaridas
621 3707 651 3762 et
672 3702 818 3764 scissuras
841 3682 985 3763 habentes
1001 3697 1191 3776 tradiderant,
1214 3705 1244 3760 et
1260 3697 1339 3760 dubii
1355 3701 1469 3759 suntet
1566 3764 1568 3769 s

345 3805 494 3884 maledici,
518 3805 556 3867 do
580 3805 751 3868 absentibus
775 3803 977 3884 detrahentes,
1000 3811 1029 3879 et
1051 3822 1207 3884 numquam
1224 3805 1300 3864 inter
1315 3822 1349 3864 se
1362 3788 1468 3881 pacem

346 3911 510 3986 hahentes,
547 3903 583 3972 e't-
607 3911 684 3972 inter
707 3928 742 3971 so
764 3898 956 3973 invidentes.¹
984 3909 1022 3971 Et
1044 3909 1080 3969 iis
1103 3905 1222 3987 quidem
1245 3905 1398 3986 proposita
1421 3909 1467 3964 est

345 4015 546 4097 poenitentia3
569 4013 662 4076 ‘vides
695 4012 772 4077 enirn
803 4034 843 4078 ex
865 4015 917 4076 his·
934 3997 1050 4092 aliquos
1072 4011 1237 4092 poenitere.
1281 4008 1466 4085 Quicumque

346 4134 423 4183 vero
447 4137 551 4202 eornm
574 4118 634 4182 cito
657 4126 784 4201 egerunt
800 4119 1021 4210 poenitentiam,
1044 4117 1073 4178 hi
1088 4117 1117 4177 in
1134 4113 1207 4175 turri
1223 4111 1333 4174 habent
1346 4109 1466 4186 sedem3

376 4256 411 4322 vi)
431 4253 482 4306 Cir.
500 4271 576 4322 supra
595 4272 617 4308 c
638 4255 660 4308 i.
679 4271 704 4322 p.
719 4254 777 4307 400.
797 4264 849 4308 not.
869 4255 881 4306 1
956 4252 984 4316 3)
1004 4251 1037 4304 Ut
1057 4251 1231 4302 dicutanistae.

382 4342 412 4411 2)
430 4341 485 4396 Juc.
503 4343 529 4407 2,
542 4343 572 4392 -7.
701 4388 704 4393 .
956 4339 986 4408 4)
1002 4338 1042 4390 ΔΙ.
1058 4338 1254 4408 poenirentiam
1318 4384 1320 4388 .

1424 4518 1580 4664 l*
