3659 5209
345 568 375 623 s.
395 564 545 634 icunru]
639 544 647 553 ‘
786 562 1041 620 ranuncoucun.
1399 568 1476 625 xxm

345 728 453 790 desire
474 725 530 804 for
554 726 603 787 the
624 742 730 788 croton
752 726 792 804 of
807 724 1009 805 martyrdom‚
1033 743 1070 787 os
1088 725 1155 787 that
1172 725 1301 790 eoinced
1320 729 1360 811 by
1376 729 1474 811 Ipno-

347 833 414 894 tiua
436 833 470 892 in
493 830 542 892 the
563 827 681 909 EpistIe
705 837 737 891 to
760 829 808 890 the
829 829 985 905 Romans,
1014 829 1071 892 bns
1094 848 1166 892 coer
1188 829 1263 893 been
1286 834 1474 897 considered

348 957 390 1000 sc
426 936 600 1016 pameliorty
632 935 838 1015 appropriate
876 940 907 1014 to
944 934 992 996 the
1028 934 1227 1013 aspiratione
1264 935 1303 1014 of
1333 939 1474 1002 monhieh

352 1041 544 1117 ascendens,
567 1040 634 1100 that
654 1056 701 1100 we
722 1039 837 1101 should
858 1033 1049 1120 reascnobtp
1070 1047 1182 1118 expect
1203 1059 1224 1102 o
1246 1040 1364 1122 Syrien
1386 1043 1476 1106 monh

352 1153 385 1207 to
407 1144 527 1207 retrcin
549 1144 612 1206 this
627 1142 748 1223 Epistte
768 1145 822 1224 for
844 1144 894 1206 his
913 1162 984 1206 omn
1004 1145 1118 1221 „picus
1134 1145 1222 1221 use“,
1245 1145 1279 1206 in
1295 1147 1476 1226 preference

350 1256 382 1312 to
407 1267 470 1328 any
492 1246 532 1325 of
549 1247 597 1309 the
619 1246 722 1310 others
743 1248 843 1309 which
867 1250 904 1309 hc
933 1247 991 1310 hos
1020 1248 1184 1326 rejected.“
1231 1247 1400 1313 Curetcnus
1429 1251 1478 1313 hle

348 1352 493 1430 affirmet,
524 1351 612 1414 vitam
635 1352 826 1413 monasticam
848 1371 866 1414 a
887 1351 967 1431 supa
989 1353 1134 1434 martyrii
1164 1352 1312 1436 originem
1344 1354 1478 1434 duxisse,

348 1455 483 1537 ideoque
507 1455 660 1536 epistolam
684 1454 713 1518 S.
736 1455 841 1537 lgnatii
864 1456 901 1519 ad
924 1455 1091 1534 Romanos,
1125 1474 1192 1518 cum
1214 1457 1301 1538 pleno
1324 1459 1364 1521 sit
1390 1457 1479 1521 lauda

348 1560 494 1641 martyrii,
517 1560 598 1622 nullo
622 1558 709 1622 modo
731 1563 896 1624 monachis
918 1561 1053 1642 potuisse
1075 1559 1204 1641 placere.
1249 1561 1286 1624 Et
1308 1562 1378 1626 inde
1402 1581 1480 1626 con-

349 1664 439 1744 sequi
462 1668 544 1743 putat
565 1664 612 1724 vir
636 1663 841 1742 doctissimus,
874 1673 1007 1729 veterem
1030 1665 1108 1728 illam
1130 1665 1301 1729 versionem
1324 1667 1479 1748 Syriacum

349 1769 472 1831 minima
487 1769 639 1832 monacho
654 1788 746 1852 posse
762 1770 898 1834 adscribi.
917 1805 957 1818 -
975 1769 1051 1844 Quid
1067 1775 1123 1846 est,
1139 1769 1218 1850 quod
1235 1770 1355 1833 dicam?
1387 1772 1479 1833 Tern-
1499 1760 1502 1767 ’

349 1873 476 1953 poribus
499 1873 583 1937 Decii
605 1874 790 1956 imperatoris
820 1877 922 1956 plures
945 1874 1142 1953 Christianos,
1172 1883 1204 1936 ut
1227 1883 1379 1938 cruentam
1404 1895 1479 1957 per-

351 1978 539 2040 secutionem
556 1978 711 2056 evitarent,
731 1980 760 2040 in
777 1979 843 2042 loca
861 1979 981 2040 deserta
995 1978 1160 2040 recessisse
1176 1978 1274 2058 ibique
1289 1998 1374 2043 more
1390 1979 1478 2044 Ano-

352 2083 554 2161 chcretcram
574 2079 655 2165 (non
671 2079 913 2166 Monuchorum)
935 2081 1023 2143 vitam
1042 2081 1200 2144 solitariam
1216 2082 1345 2164 degisse,
1368 2102 1419 2146 res
1435 2091 1481 2148 est

350 2186 528 2260 notissimo3
563 2185 617 2247 sed
647 2185 798 2265 originem
827 2195 857 2248 et
884 2184 1021 2249 indolem
1042 2184 1234 2247 monasticae
1255 2187 1339 2249 oitoe
1361 2207 1382 2249 a
1402 2185 1482 2269 fago

349 2289 502 2368 martyrii
522 2290 678 2367 derivare,
701 2290 788 2371 plane
810 2290 954 2354 insulsum
974 2296 1028 2352 est
1065 2288 1194 2368 Respice
1210 2287 1379 2367 Antonium,
1403 2281 1480 2353 uitae

350 2394 539 2457 monasticae
554 2394 753 2459 institutorem
770 2400 799 2456 et
814 2395 1018 2477 patriarcham,
1039 2393 1077 2456 dc
1093 2410 1153 2474 quo
1169 2392 1348 2455 Athanasius
1364 2394 1480 2456 scribit:

353 2503 447 2578 „post
468 2498 551 2561 -haec
581 2484 739 2561 ecclesiam
768 2501 886 2581 excepit
907 2499 1059 2562 Maximini
1080 2494 1270 2578 persecutio,
1302 2503 1482 2577 sanctosque

349 2609 502 2686 martyres
518 2604 729 2667 Alexandriam
743 2604 887 2668 adductos
902 2605 952 2668 ille
969 2598 1155 2687 (Antonius)
1175 2601 1281 2663 relicto
1301 2603 1482 2665 moriasteric

353 2714 479 2771 secutus
501 2715 556 2787 est,
580 2711 679 2791 ajens:
702 2708 863 2791 Pergamus
887 2716 1005 2786 stubs,
1028 2714 1060 2770 ut
1073 2707 1123 2770 vel
1139 2706 1236 2769 vocati
1253 2704 1483 2787 congrediamur

354 2811 408 2874 vel
420 2813 597 2892 praeliantes
610 2817 787 2892 spectemur.
811 2812 847 2874 Et
862 2814 1008 2894 martyrii
1023 2813 1146 2893 quidem
1158 2810 1317 2873 desiderio
1328 2806 1486 2890 [inprobat

355 2963 363 2978 .
378 2912 428 2978 ..ζ
442 2917 588 2978 moerenti
603 2915 705 2978 similis
721 2920 794 2993 erat,
812 2917 891 2996 quod
907 2918 1079 3000 martyrium
1095 2905 1216 2996 assequi
1231 2933 1292 2977 non
1308 2915 1430 2996 posset“
1445 2912 1483 2997 ¹).

445 3018 490 3081 En
513 3020 707 3100 patriarcham
730 3021 941 3084 monachorum
965 3022 1095 3102 martyrii
1127 3019 1277 3083 desiderio
1307 3018 1483 3102 flagrantem

355 3128 390 3187 et
412 3141 449 3185 en
476 3158 513 3169 -
537 3123 621 3187 futile
643 3132 849 3208 argumentum
873 3125 1022 3188 Curetoni.
1067 3126 1098 3188 Si
1121 3124 1200 3186 hunc
1223 3122 1335 3202 audias,
1362 3129 1483 3188 veteres

356 3226 497 3290 monachi
513 3246 529 3288 a
545 3227 683 3312 legendis
697 3248 733 3291 ac
743 3230 997 3293 transscribendis
1014 3230 1086 3292 actis
1105 3235 1267 3310 martyrum
1287 3228 1484 3309 abstinebant,

356 3350 399 3394 ne
423 3330 495 3412 ipsi,
519 3333 687 3414 martyrium
711 3331 879 3415 fugientes,
908 3334 1024 3414 pudore
1048 3339 1078 3396 et
1099 3334 1212 3396 rubore
1234 3330 1484 3396 suffunderentur.

356 3435 478 3506 Revera
500 3444 597 3499 autem
620 3436 766 3519 ejusmodi
790 3438 858 3500 libri
880 3457 897 3500 a
921 3440 1038 3501 nemine
1067 3421 1205 3520 saepius,
1236 3455 1253 3497 a
1277 3436 1395 3498 nemine
1417 3443 1485 3497 stu-

360 3540 476 3603 diosius
499 3539 567 3602 lecti
590 3546 620 3602 et
642 3542 760 3604 collecti
782 3548 811 3603 et
833 3544 1019 3624 transscripti
1049 3549 1133 3621 sunt,
1167 3560 1253 3621 quarn
1285 3559 1302 3601 a
1334 3539 1485 3603 monachis

360 3648 392 3706 et
414 3643 493 3705 vitae
516 3645 697 3708 monasticae
719 3645 931 3711 laudatoribus.
975 3648 1006 3710 ld
1030 3648 1161 3729 apprime
1184 3645 1368 3708 demonstrat
1390 3645 1485 3708 nubes

360 3746 514 3828 codicum,
546 3750 595 3830 qui
617 3751 704 3812 vitam
728 3751 903 3815 Sanctorum
927 3753 1114 3816 continentes
1136 3752 1166 3813 in
1190 3749 1351 3813 coenobiis
1378 3747 1486 3810 detecti
1523 3778 1526 3783 ·

359 3857 448 3928 sunt3
480 3859 510 3915 et
537 3852 573 3914 od
602 3853 775 3917 hodiernam
805 3873 900 3937 usque
931 3857 1009 3920 diem
1038 3858 1068 3919 in
1099 3854 1234 3918 claustris
1262 3844 1394 3934 quotidie
1417 3866 1486 3933 pars

359 3957 584 4037 Martprotoptt
606 3958 722 4037 publice
745 3958 806 4042 legi
828 3960 915 4024 solet.

392 4055 399 4063 ’
451 4060 617 4124 Curetonus
640 4064 755 4145 pergit:
782 4067 850 4143 „the
864 4065 986 4145 EpistIe
1009 4073 1040 4128 to
1065 4065 1114 4126 the
1134 4062 1318 4143 Ephesiuns,
1344 4056 1488 4123 contains

361 4185 407 4228 cn
437 4164 722 4247 ochnowledpment
752 4187 793 4230 on
823 4169 871 4230 the
901 4177 979 4248 port
1008 4167 1048 4246 os
1071 4168 1215 4249 ignotius
1246 4166 1299 4244 sor
1331 4164 1379 4224 the
1413 4158 1489 4220 lind

398 4388 428 4458 1)
446 4390 572 4448 Athenae.
585 4389 637 4445 rita
650 4391 676 4446 S.
686 4390 789 4448 Antonii
801 4407 823 4445 c.
834 4391 876 4446 46.
890 4389 954 4464 Opp.
967 4389 1259 4459 ct.1³anv.1rra‚r.t
1273 4387 1300 4440 Ρ.
1310 4380 1340 4438 lL
1353 4397 1377 4450 p.
1388 4379 1440 4433 663
1450 4397 1488 4451 sq·

1539 4544 1596 4664 Δ
