<?xml version="1.0" encoding="UTF-8"?>
<!DOCTYPE html PUBLIC "-//W3C//DTD XHTML 1.0 Transitional//EN"
    "http://www.w3.org/TR/xhtml1/DTD/xhtml1-transitional.dtd">
<html xmlns="http://www.w3.org/1999/xhtml" xml:lang="en" lang="en">
 <head>
  <title>
</title>
<meta http-equiv="Content-Type" content="text/html;charset=utf-8" />
  <meta name='ocr-system' content='tesseract 3.04.00' />
  <meta name='ocr-capabilities' content='ocr_page ocr_carea ocr_par ocr_line ocrx_word'/>
</head>
<body>
  <div class='ocr_page' id='page_1' title='image "./patrumapostolic00hefegoog_0469.png"; bbox 0 0 3659 5209; ppageno 0'>
   <div class='ocr_carea' id='block_1_1' title="bbox 483 516 1410 608">
    <p class='ocr_par' dir='ltr' id='par_1_1' title="bbox 483 516 1410 608">
     <span class='ocr_line' id='line_1_1' title="bbox 483 516 1410 608; baseline 0.012 -24"><span class='ocrx_word' id='word_1_1' title='bbox 483 529 621 585; x_wconf 81' lang='lat' dir='ltr'><strong>nnnnnn</strong></span> <span class='ocrx_word' id='word_1_2' title='bbox 638 529 774 585; x_wconf 80' lang='lat' dir='ltr'><strong>nnsnon.</strong></span> <span class='ocrx_word' id='word_1_3' title='bbox 809 516 956 586; x_wconf 74' lang='lat' dir='ltr'><strong>unna-n.</strong></span> <span class='ocrx_word' id='word_1_4' title='bbox 988 532 1221 608; x_wconf 63' lang='grc' dir='ltr'><strong><em>ποσσις-εισι</em></strong></span> <span class='ocrx_word' id='word_1_5' title='bbox 1348 541 1410 607; x_wconf 80' lang='lat'><strong>361</strong></span> 
     </span>
    </p>
   </div>
   <div class='ocr_carea' id='block_1_2' title="bbox 283 689 1416 2139">
    <p class='ocr_par' dir='ltr' id='par_1_2' title="bbox 283 689 1416 2139">
     <span class='ocr_line' id='line_1_2' title="bbox 283 689 1413 779; baseline 0.008 -24"><span class='ocrx_word' id='word_1_6' title='bbox 283 691 406 768; x_wconf 82' lang='grc' dir='ltr'><strong><em>τελῶν,</em></strong></span> <span class='ocrx_word' id='word_1_7' title='bbox 449 689 606 768; x_wconf 83' lang='grc' dir='ltr'><strong><em>πλούτου,</em></strong></span> <span class='ocrx_word' id='word_1_8' title='bbox 651 689 839 777; x_wconf 79' lang='grc' dir='ltr'><strong><em>καυχήσεως,</em></strong></span> <span class='ocrx_word' id='word_1_9' title='bbox 867 693 1064 775; x_wconf 78' lang='lat' dir='ltr'><strong>emendacio,</strong></span> <span class='ocrx_word' id='word_1_10' title='bbox 1080 713 1097 757; x_wconf 83' lang='grc' dir='ltr'><strong><em>ε</em></strong></span> <span class='ocrx_word' id='word_1_11' title='bbox 1111 695 1303 779; x_wconf 79' lang='lat' dir='ltr'><strong>detractione,</strong></span> <span class='ocrx_word' id='word_1_12' title='bbox 1322 717 1413 764; x_wconf 83' lang='lat' dir='ltr'><strong>nne·</strong></span> 
     </span>
     <span class='ocr_line' id='line_1_3' title="bbox 283 785 1414 888; baseline 0.009 -28"><span class='ocrx_word' id='word_1_13' title='bbox 283 786 566 883; x_wconf 76' lang='grc' dir='ltr'><strong><em>ὑψηλοφροσὺυης.</em></strong></span> <span class='ocrx_word' id='word_1_14' title='bbox 591 792 642 858; x_wconf 84' lang='grc' dir='ltr'><strong>καὶ</strong></span> <span class='ocrx_word' id='word_1_15' title='bbox 672 785 839 883; x_wconf 71' lang='grc' dir='ltr'><strong><em>δπερηφω</em></strong></span> <span class='ocrx_word' id='word_1_16' title='bbox 867 798 958 878; x_wconf 83' lang='lat' dir='ltr'><strong>quitiu</strong></span> <span class='ocrx_word' id='word_1_17' title='bbox 972 797 1049 879; x_wconf 86' lang='lat' dir='ltr'><strong>fictu,</strong></span> <span class='ocrx_word' id='word_1_18' title='bbox 1074 801 1315 868; x_wconf 80' lang='lat' dir='ltr'><strong>urecordutiune</strong></span> <span class='ocrx_word' id='word_1_19' title='bbox 1330 805 1414 888; x_wconf 66' lang='lat' dir='ltr'><strong>inju÷</strong></span> 
     </span>
     <span class='ocr_line' id='line_1_4' title="bbox 284 884 1414 986; baseline 0.004 -20"><span class='ocrx_word' id='word_1_20' title='bbox 284 896 368 978; x_wconf 81' lang='grc' dir='ltr'><strong><em>νίας,</em></strong></span> <span class='ocrx_word' id='word_1_21' title='bbox 389 896 442 963; x_wconf 77' lang='grc' dir='ltr'><strong>καὶ</strong></span> <span class='ocrx_word' id='word_1_22' title='bbox 456 890 609 986; x_wconf 77' lang='grc' dir='ltr'><strong><em>ψεύδους,</em></strong></span> <span class='ocrx_word' id='word_1_23' title='bbox 631 897 686 964; x_wconf 79' lang='grc' dir='ltr'><strong>καὶ</strong></span> <span class='ocrx_word' id='word_1_24' title='bbox 699 884 839 965; x_wconf 68' lang='lat' dir='ltr'><strong>xeunte-</strong></span> <span class='ocrx_word' id='word_1_25' title='bbox 866 903 930 965; x_wconf 84' lang='lat' dir='ltr'><strong>riae</strong></span> <span class='ocrx_word' id='word_1_26' title='bbox 941 902 1227 984; x_wconf 82' lang='lat' dir='ltr'><strong>etuiumapessimu.</strong></span> <span class='ocrx_word' id='word_1_27' title='bbox 1243 906 1324 970; x_wconf 81' lang='lat' dir='ltr'><strong>naec</strong></span> <span class='ocrx_word' id='word_1_28' title='bbox 1336 909 1414 971; x_wconf 85' lang='lat' dir='ltr'><strong>enim</strong></span> 
     </span>
     <span class='ocr_line' id='line_1_5' title="bbox 285 996 1414 1092; baseline 0.004 -21"><span class='ocrx_word' id='word_1_29' title='bbox 285 1007 373 1085; x_wconf 79' lang='grc' dir='ltr'><strong><em>λιοῖς,</em></strong></span> <span class='ocrx_word' id='word_1_30' title='bbox 395 1000 445 1069; x_wconf 85' lang='grc' dir='ltr'><strong>καὶ</strong></span> <span class='ocrx_word' id='word_1_31' title='bbox 467 996 676 1092; x_wconf 73' lang='grc' dir='ltr'><strong><em>ὑποκρίσεως,</em></strong></span> <span class='ocrx_word' id='word_1_32' title='bbox 699 1002 751 1069; x_wconf 87' lang='grc' dir='ltr'><strong>καὶ</strong></span> <span class='ocrx_word' id='word_1_33' title='bbox 764 1028 840 1090; x_wconf 76' lang='grc' dir='ltr'><strong>μυη-</strong></span> <span class='ocrx_word' id='word_1_34' title='bbox 866 1012 935 1069; x_wconf 86' lang='lat' dir='ltr'><strong>sunt</strong></span> <span class='ocrx_word' id='word_1_35' title='bbox 951 1024 1044 1088; x_wconf 83' lang='lat' dir='ltr'><strong>opera</strong></span> <span class='ocrx_word' id='word_1_36' title='bbox 1060 1008 1255 1089; x_wconf 71' lang='lat' dir='ltr'><strong>iniquitatum,</strong></span> <span class='ocrx_word' id='word_1_37' title='bbox 1275 1014 1414 1092; x_wconf 84' lang='lat' dir='ltr'><strong>aquibus</strong></span> 
     </span>
     <span class='ocr_line' id='line_1_6' title="bbox 285 1100 1414 1196; baseline 0.002 -19"><span class='ocrx_word' id='word_1_38' title='bbox 285 1108 453 1187; x_wconf 80' lang='grc' dir='ltr'><strong><em>σικακὶας,</em></strong></span> <span class='ocrx_word' id='word_1_39' title='bbox 483 1105 535 1171; x_wconf 85' lang='grc' dir='ltr'><strong>καὶ</strong></span> <span class='ocrx_word' id='word_1_40' title='bbox 564 1100 670 1196; x_wconf 78' lang='grc' dir='ltr'><strong><em>πάσης</em></strong></span> <span class='ocrx_word' id='word_1_41' title='bbox 692 1107 839 1196; x_wconf 76' lang='grc' dir='ltr'><strong><em>βλοσφη-</em></strong></span> <span class='ocrx_word' id='word_1_42' title='bbox 867 1111 1018 1173; x_wconf 80' lang='lat' dir='ltr'><strong>abstinere</strong></span> <span class='ocrx_word' id='word_1_43' title='bbox 1026 1117 1144 1193; x_wconf 85' lang='lat' dir='ltr'><strong>oportet</strong></span> <span class='ocrx_word' id='word_1_44' title='bbox 1152 1130 1272 1177; x_wconf 85' lang='lat' dir='ltr'><strong>servum</strong></span> <span class='ocrx_word' id='word_1_45' title='bbox 1281 1103 1344 1178; x_wconf 88' lang='lat' dir='ltr'><strong>Dei.</strong></span> <span class='ocrx_word' id='word_1_46' title='bbox 1357 1116 1414 1191; x_wconf 83' lang='lat' dir='ltr'><strong>Qui</strong></span> 
     </span>
     <span class='ocr_line' id='line_1_7' title="bbox 284 1202 1414 1301; baseline 0.002 -22"><span class='ocrx_word' id='word_1_47' title='bbox 284 1211 375 1301; x_wconf 79' lang='grc' dir='ltr'><strong><em>μίας.</em></strong></span> <span class='ocrx_word' id='word_1_48' title='bbox 392 1218 394 1225; x_wconf 65' lang='lat'>‘</span> <span class='ocrx_word' id='word_1_49' title='bbox 425 1219 535 1279; x_wconf 80' lang='grc' dir='ltr'><strong><em>Ταῦτα</em></strong></span> <span class='ocrx_word' id='word_1_50' title='bbox 556 1209 596 1279; x_wconf 75' lang='grc' dir='ltr'><strong>τοὶ</strong></span> <span class='ocrx_word' id='word_1_51' title='bbox 619 1207 695 1299; x_wconf 74' lang='grc' dir='ltr'><strong>ἔργα</strong></span> <span class='ocrx_word' id='word_1_52' title='bbox 717 1202 841 1300; x_wconf 75' lang='grc' dir='ltr'><strong><em>πονηρά</em></strong></span> <span class='ocrx_word' id='word_1_53' title='bbox 867 1214 944 1276; x_wconf 89' lang='lat' dir='ltr'><strong>enim</strong></span> <span class='ocrx_word' id='word_1_54' title='bbox 961 1215 997 1277; x_wconf 87' lang='lat' dir='ltr'><strong>ub</strong></span> <span class='ocrx_word' id='word_1_55' title='bbox 1013 1216 1049 1278; x_wconf 86' lang='lat' dir='ltr'><strong>iis</strong></span> <span class='ocrx_word' id='word_1_56' title='bbox 1064 1217 1214 1281; x_wconf 81' lang='lat' dir='ltr'><strong>abstinere</strong></span> <span class='ocrx_word' id='word_1_57' title='bbox 1230 1236 1290 1282; x_wconf 90' lang='lat' dir='ltr'><strong>non</strong></span> <span class='ocrx_word' id='word_1_58' title='bbox 1305 1220 1414 1301; x_wconf 87' lang='lat' dir='ltr'><strong>potest,</strong></span> 
     </span>
     <span class='ocr_line' id='line_1_8' title="bbox 285 1312 1414 1406; baseline 0 -21"><span class='ocrx_word' id='word_1_59' title='bbox 285 1318 362 1386; x_wconf 78' lang='grc' dir='ltr'><strong><em>ἐστι</em></strong></span> <span class='ocrx_word' id='word_1_60' title='bbox 388 1325 441 1405; x_wconf 82' lang='grc' dir='ltr'><strong>τῇ-</strong></span> <span class='ocrx_word' id='word_1_61' title='bbox 458 1316 526 1404; x_wconf 80' lang='grc' dir='ltr'><strong>ζωῇ</strong></span> <span class='ocrx_word' id='word_1_62' title='bbox 555 1318 619 1382; x_wconf 79' lang='grc' dir='ltr'><strong>των</strong></span> <span class='ocrx_word' id='word_1_63' title='bbox 650 1312 840 1406; x_wconf 61' lang='grc' dir='ltr'><strong>ἀνθρώπων.</strong></span> <span class='ocrx_word' id='word_1_64' title='bbox 868 1317 1060 1384; x_wconf 84' lang='lat' dir='ltr'><strong>vivereDeo</strong></span> <span class='ocrx_word' id='word_1_65' title='bbox 1090 1339 1151 1385; x_wconf 89' lang='lat' dir='ltr'><strong>nun</strong></span> <span class='ocrx_word' id='word_1_66' title='bbox 1183 1327 1290 1402; x_wconf 91' lang='lat' dir='ltr'><strong>potest.</strong></span> <span class='ocrx_word' id='word_1_67' title='bbox 1334 1322 1414 1387; x_wconf 81' lang='lat' dir='ltr'><strong>Audi</strong></span> 
     </span>
     <span class='ocr_line' id='line_1_9' title="bbox 286 1409 1414 1509; baseline 0.002 -20"><span class='ocrx_word' id='word_1_68' title='bbox 286 1413 423 1496; x_wconf 61' lang='lat' dir='ltr'><strong>xTouinuv</strong></span> <span class='ocrx_word' id='word_1_69' title='bbox 444 1409 498 1486; x_wconf 83' lang='grc' dir='ltr'><strong>οὖν</strong></span> <span class='ocrx_word' id='word_1_70' title='bbox 521 1422 583 1485; x_wconf 82' lang='grc' dir='ltr'><strong><em>τοῖν</em></strong></span> <span class='ocrx_word' id='word_1_71' title='bbox 604 1415 704 1509; x_wconf 73' lang='grc' dir='ltr'><em>ἔργων</em></span> <span class='ocrx_word' id='word_1_72' title='bbox 725 1421 777 1487; x_wconf 92' lang='grc' dir='ltr'><strong><em>δεῖ</em></strong></span> <span class='ocrx_word' id='word_1_73' title='bbox 791 1418 840 1505; x_wconf 79' lang='lat' dir='ltr'><strong>e&#39;y-</strong></span> <span class='ocrx_word' id='word_1_74' title='bbox 866 1441 955 1501; x_wconf 86' lang='lat' dir='ltr'><strong>nune,</strong></span> <span class='ocrx_word' id='word_1_75' title='bbox 970 1423 1074 1502; x_wconf 88' lang='lat' dir='ltr'><strong>inquit,</strong></span> <span class='ocrx_word' id='word_1_76' title='bbox 1090 1427 1286 1505; x_wconf 84' lang='lat' dir='ltr'><strong>etsequentiu</strong></span> <span class='ocrx_word' id='word_1_77' title='bbox 1299 1446 1414 1491; x_wconf 88' lang='lat' dir='ltr'><strong>eorum.</strong></span> 
     </span>
     <span class='ocr_line' id='line_1_10' title="bbox 286 1518 1414 1616; baseline 0.006 -24"><span class='ocrx_word' id='word_1_78' title='bbox 286 1518 503 1616; x_wconf 65' lang='grc' dir='ltr'><strong><em>τερατεύεσθαι</em></strong></span> <span class='ocrx_word' id='word_1_79' title='bbox 542 1522 597 1591; x_wconf 79' lang='grc' dir='ltr'><strong>τόν</strong></span> <span class='ocrx_word' id='word_1_80' title='bbox 634 1525 748 1592; x_wconf 81' lang='grc' dir='ltr'><strong><em>δοῦλον</em></strong></span> <span class='ocrx_word' id='word_1_81' title='bbox 783 1530 842 1590; x_wconf 85' lang='grc' dir='ltr'><strong>τοῦ</strong></span> <span class='ocrx_word' id='word_1_82' title='bbox 866 1529 902 1592; x_wconf 86' lang='lat' dir='ltr'><strong>Et</strong></span> <span class='ocrx_word' id='word_1_83' title='bbox 926 1529 1046 1610; x_wconf 87' lang='lat' dir='ltr'><strong>quidem</strong></span> <span class='ocrx_word' id='word_1_84' title='bbox 1068 1531 1156 1594; x_wconf 84' lang='lat' dir='ltr'><strong>multu</strong></span> <span class='ocrx_word' id='word_1_85' title='bbox 1178 1540 1247 1596; x_wconf 90' lang='lat' dir='ltr'><strong>sunt</strong></span> <span class='ocrx_word' id='word_1_86' title='bbox 1267 1536 1414 1615; x_wconf 82' lang='lat' dir='ltr'><strong>udbuc,a</strong></span> 
     </span>
     <span class='ocr_line' id='line_1_11' title="bbox 291 1608 1414 1719; baseline 0.004 -19"><span class='ocrx_word' id='word_1_87' title='bbox 291 1635 387 1700; x_wconf 82' lang='grc' dir='ltr'><strong><em>Θεοῦ.</em></strong></span> <span class='ocrx_word' id='word_1_88' title='bbox 431 1620 464 1695; x_wconf 86' lang='lat'><strong>‘0</strong></span> <span class='ocrx_word' id='word_1_89' title='bbox 486 1631 547 1718; x_wconf 72' lang='grc' dir='ltr'><strong>γάρ</strong></span> <span class='ocrx_word' id='word_1_90' title='bbox 577 1625 625 1717; x_wconf 79' lang='grc' dir='ltr'><strong>μὴ-</strong></span> <span class='ocrx_word' id='word_1_91' title='bbox 653 1620 839 1719; x_wconf 68' lang='grc' dir='ltr'><strong><em>ἐγκρατευό-</em></strong></span> <span class='ocrx_word' id='word_1_92' title='bbox 867 1608 975 1713; x_wconf 67' lang='lat' dir='ltr'><strong>quibis</strong></span> <span class='ocrx_word' id='word_1_93' title='bbox 1004 1634 1155 1701; x_wconf 80' lang='lat' dir='ltr'><strong>abstinere</strong></span> <span class='ocrx_word' id='word_1_94' title='bbox 1185 1637 1274 1701; x_wconf 88' lang='lat' dir='ltr'><strong>debet</strong></span> <span class='ocrx_word' id='word_1_95' title='bbox 1306 1658 1414 1704; x_wconf 84' lang='lat' dir='ltr'><strong>servus</strong></span> 
     </span>
     <span class='ocr_line' id='line_1_12' title="bbox 285 1727 1415 1826; baseline 0.007 -25"><span class='ocrx_word' id='word_1_96' title='bbox 285 1727 527 1820; x_wconf 81' lang='grc' dir='ltr'><strong><em>μευοςτοὺτωι</em></strong></span> <span class='ocrx_word' id='word_1_97' title='bbox 549 1732 586 1799; x_wconf 85' lang='grc' dir='ltr'><strong>οδ</strong></span> <span class='ocrx_word' id='word_1_98' title='bbox 604 1727 731 1799; x_wconf 79' lang='grc' dir='ltr'><strong><em>δύναται</em></strong></span> <span class='ocrx_word' id='word_1_99' title='bbox 746 1732 841 1820; x_wconf 85' lang='grc' dir='ltr'><strong><em>ζῆσαι</em></strong></span> <span class='ocrx_word' id='word_1_100' title='bbox 866 1738 940 1800; x_wconf 89' lang='lat' dir='ltr'><strong>Dei:</strong></span> <span class='ocrx_word' id='word_1_101' title='bbox 964 1737 1086 1818; x_wconf 81' lang='lat' dir='ltr'><strong>uiurto,</strong></span> <span class='ocrx_word' id='word_1_102' title='bbox 1109 1740 1146 1802; x_wconf 85' lang='lat' dir='ltr'><strong>nb</strong></span> <span class='ocrx_word' id='word_1_103' title='bbox 1163 1742 1374 1826; x_wconf 73' lang='lat' dir='ltr'><strong>abnegatione,</strong></span> <span class='ocrx_word' id='word_1_104' title='bbox 1398 1765 1415 1810; x_wconf 86' lang='lat' dir='ltr'><strong>u</strong></span> 
     </span>
     <span class='ocr_line' id='line_1_13' title="bbox 287 1830 1415 1929; baseline 0.006 -24"><span class='ocrx_word' id='word_1_105' title='bbox 287 1846 340 1925; x_wconf 75' lang='grc' dir='ltr'><strong>τῷ</strong></span> <span class='ocrx_word' id='word_1_106' title='bbox 358 1839 438 1923; x_wconf 73' lang='grc' dir='ltr'><strong><em>Θεῷ.</em></strong></span> <span class='ocrx_word' id='word_1_107' title='bbox 456 1830 579 1905; x_wconf 71' lang='grc' dir='ltr'><strong><em>·’Ἀιιουε</em></strong></span> <span class='ocrx_word' id='word_1_108' title='bbox 595 1837 697 1905; x_wconf 77' lang='grc' dir='ltr'><strong><em>δὲκαὶ</em></strong></span> <span class='ocrx_word' id='word_1_109' title='bbox 711 1837 752 1906; x_wconf 74' lang='grc' dir='ltr'><strong>τοὶ</strong></span> <span class='ocrx_word' id='word_1_110' title='bbox 766 1831 840 1904; x_wconf 69' lang='lat' dir='ltr'><strong>‹iuu-</strong></span> <span class='ocrx_word' id='word_1_111' title='bbox 867 1841 944 1904; x_wconf 82' lang='lat' dir='ltr'><strong>ialso</strong></span> <span class='ocrx_word' id='word_1_112' title='bbox 967 1845 1146 1924; x_wconf 88' lang='lat' dir='ltr'><strong>testimonio,</strong></span> <span class='ocrx_word' id='word_1_113' title='bbox 1167 1848 1374 1929; x_wconf 81' lang='lat' dir='ltr'><strong>ecupiditate,</strong></span> <span class='ocrx_word' id='word_1_114' title='bbox 1397 1867 1415 1913; x_wconf 82' lang='lat' dir='ltr'><strong>a</strong></span> 
     </span>
     <span class='ocr_line' id='line_1_14' title="bbox 287 1934 1415 2032; baseline 0.004 -22"><span class='ocrx_word' id='word_1_115' title='bbox 287 1945 401 2010; x_wconf 76' lang='grc' dir='ltr'><strong><em>λουδοι</em></strong></span> <span class='ocrx_word' id='word_1_116' title='bbox 431 1934 624 2008; x_wconf 74' lang='grc' dir='ltr'><strong><em>τούτου.’-</em></strong></span> <span class='ocrx_word' id='word_1_117' title='bbox 647 1942 715 2009; x_wconf 85' lang='grc' dir='ltr'><strong>Καὶ</strong></span> <span class='ocrx_word' id='word_1_118' title='bbox 736 1935 841 2008; x_wconf 77' lang='grc' dir='ltr'><strong><em>πολλά</em></strong></span> <span class='ocrx_word' id='word_1_119' title='bbox 867 1947 1016 2026; x_wconf 81' lang='lat' dir='ltr'><strong>superbia,</strong></span> <span class='ocrx_word' id='word_1_120' title='bbox 1041 1954 1071 2010; x_wconf 86' lang='lat' dir='ltr'><strong>et</strong></span> <span class='ocrx_word' id='word_1_121' title='bbox 1094 1966 1300 2032; x_wconf 78' lang='lat' dir='ltr'><strong>quaecumque</strong></span> <span class='ocrx_word' id='word_1_122' title='bbox 1317 1954 1353 2016; x_wconf 90' lang='lat' dir='ltr'><strong>iis</strong></span> <span class='ocrx_word' id='word_1_123' title='bbox 1368 1954 1415 2017; x_wconf 91' lang='lat' dir='ltr'><strong>si-</strong></span> 
     </span>
     <span class='ocr_line' id='line_1_15' title="bbox 287 2038 1416 2139; baseline 0.006 -25"><span class='ocrx_word' id='word_1_124' title='bbox 287 2045 385 2126; x_wconf 85' lang='grc' dir='ltr'><strong><em>εἰσιν,</em></strong></span> <span class='ocrx_word' id='word_1_125' title='bbox 415 2040 475 2136; x_wconf 82' lang='grc' dir='ltr'><strong><em>εἶφ’</em></strong></span> <span class='ocrx_word' id='word_1_126' title='bbox 504 2038 547 2113; x_wconf 82' lang='grc' dir='ltr'><strong>ὧν</strong></span> <span class='ocrx_word' id='word_1_127' title='bbox 572 2047 623 2113; x_wconf 90' lang='grc' dir='ltr'><strong><em>δεῖ</em></strong></span> <span class='ocrx_word' id='word_1_128' title='bbox 645 2041 701 2113; x_wconf 78' lang='grc' dir='ltr'><strong>τόν</strong></span> <span class='ocrx_word' id='word_1_129' title='bbox 723 2046 841 2112; x_wconf 84' lang='grc' dir='ltr'><strong><em>δοῦλον</em></strong></span> <span class='ocrx_word' id='word_1_130' title='bbox 868 2049 946 2111; x_wconf 84' lang='lat' dir='ltr'><strong>milia</strong></span> <span class='ocrx_word' id='word_1_131' title='bbox 973 2057 1050 2112; x_wconf 89' lang='lat' dir='ltr'><strong>sunt.</strong></span> <span class='ocrx_word' id='word_1_132' title='bbox 1095 2053 1240 2116; x_wconf 85' lang='lat' dir='ltr'><strong>Videntur</strong></span> <span class='ocrx_word' id='word_1_133' title='bbox 1263 2075 1338 2139; x_wconf 84' lang='lat' dir='ltr'><strong>ergo</strong></span> <span class='ocrx_word' id='word_1_134' title='bbox 1362 2059 1416 2121; x_wconf 89' lang='lat' dir='ltr'><strong>tibi</strong></span> 
     </span>
    </p>
   </div>
   <div class='ocr_carea' id='block_1_3' title="bbox 287 2145 1424 2241">
    <p class='ocr_par' dir='ltr' id='par_1_3' title="bbox 287 2145 1424 2241">
     <span class='ocr_line' id='line_1_16' title="bbox 287 2145 1424 2241; baseline 0.003 -21"><span class='ocrx_word' id='word_1_135' title='bbox 287 2153 448 2220; x_wconf 85' lang='grc' dir='ltr'><strong><em>τοῦΘεοδ</em></strong></span> <span class='ocrx_word' id='word_1_136' title='bbox 458 2145 841 2241; x_wconf 61' lang='grc' dir='ltr'><strong><em>ἐγκρατεύεσθοιιπλοπὴ,</em></strong></span> <span class='ocrx_word' id='word_1_137' title='bbox 867 2153 943 2216; x_wconf 82' lang='lat' dir='ltr'><strong>haee</strong></span> <span class='ocrx_word' id='word_1_138' title='bbox 972 2153 1046 2217; x_wconf 81' lang='lat' dir='ltr'><strong>melu</strong></span> <span class='ocrx_word' id='word_1_139' title='bbox 1077 2173 1164 2235; x_wconf 89' lang='lat' dir='ltr'><strong>esse,</strong></span> <span class='ocrx_word' id='word_1_140' title='bbox 1196 2176 1233 2220; x_wconf 87' lang='lat' dir='ltr'><strong>un</strong></span> <span class='ocrx_word' id='word_1_141' title='bbox 1264 2161 1424 2230; x_wconf 48' lang='lat' dir='ltr'><strong>nont-1</strong></span> 
     </span>
    </p>
   </div>
   <div class='ocr_carea' id='block_1_4' title="bbox 288 2251 1415 2548">
    <p class='ocr_par' dir='ltr' id='par_1_4' title="bbox 288 2251 1415 2548">
     <span class='ocr_line' id='line_1_17' title="bbox 289 2251 1415 2347; baseline 0.003 -24"><span class='ocrx_word' id='word_1_142' title='bbox 289 2257 432 2347; x_wconf 79' lang='grc' dir='ltr'><strong><em>ψεῦδος,</em></strong></span> <span class='ocrx_word' id='word_1_143' title='bbox 462 2251 694 2346; x_wconf 75' lang='grc' dir='ltr'><strong><em>οἷποστὲρησις,</em></strong></span> <span class='ocrx_word' id='word_1_144' title='bbox 722 2256 841 2343; x_wconf 78' lang='grc' dir='ltr'><strong><em>ψευδο·</em></strong></span> <span class='ocrx_word' id='word_1_145' title='bbox 867 2256 1011 2338; x_wconf 89' lang='lat' dir='ltr'><strong>Equidem</strong></span> <span class='ocrx_word' id='word_1_146' title='bbox 1042 2259 1128 2322; x_wconf 78' lang='lat' dir='ltr'><strong>valde</strong></span> <span class='ocrx_word' id='word_1_147' title='bbox 1155 2260 1229 2324; x_wconf 81' lang='lat' dir='ltr'><strong>unuln</strong></span> <span class='ocrx_word' id='word_1_148' title='bbox 1251 2268 1321 2324; x_wconf 88' lang='lat' dir='ltr'><strong>sunt</strong></span> <span class='ocrx_word' id='word_1_149' title='bbox 1343 2281 1415 2325; x_wconf 84' lang='lat' dir='ltr'><strong>ser-</strong></span> 
     </span>
     <span class='ocr_line' id='line_1_18' title="bbox 289 2352 1415 2450; baseline 0 -22"><span class='ocrx_word' id='word_1_150' title='bbox 289 2358 460 2450; x_wconf 80' lang='grc' dir='ltr'><strong><em>μαρτυρία,</em></strong></span> <span class='ocrx_word' id='word_1_151' title='bbox 472 2361 650 2441; x_wconf 81' lang='grc' dir='ltr'><strong><em>πλεονεξία,</em></strong></span> <span class='ocrx_word' id='word_1_152' title='bbox 662 2352 842 2441; x_wconf 80' lang='grc' dir='ltr'><strong><em>·ἆλοζονει’ω,</em></strong></span> <span class='ocrx_word' id='word_1_153' title='bbox 869 2361 993 2424; x_wconf 81' lang='lat' dir='ltr'><strong>visDei</strong></span> <span class='ocrx_word' id='word_1_154' title='bbox 1018 2397 1059 2408; x_wconf 94' lang='lat'><em>-</em></span> <span class='ocrx_word' id='word_1_155' title='bbox 1082 2363 1129 2425; x_wconf 88' lang='lat' dir='ltr'><strong>Ab</strong></span> <span class='ocrx_word' id='word_1_156' title='bbox 1152 2365 1198 2428; x_wconf 90' lang='lat' dir='ltr'><strong>his</strong></span> <span class='ocrx_word' id='word_1_157' title='bbox 1223 2383 1298 2448; x_wconf 83' lang='lat' dir='ltr'><strong>ergo</strong></span> <span class='ocrx_word' id='word_1_158' title='bbox 1315 2369 1415 2428; x_wconf 91' lang='lat' dir='ltr'><strong>omni-</strong></span> 
     </span>
     <span class='ocr_line' id='line_1_19' title="bbox 288 2453 1414 2548; baseline -0.003 -13"><span class='ocrx_word' id='word_1_159' title='bbox 288 2467 345 2535; x_wconf 82' lang='grc' dir='ltr'><strong>καὶ</strong></span> <span class='ocrx_word' id='word_1_160' title='bbox 367 2461 429 2534; x_wconf 84' lang='grc' dir='ltr'><strong>ὅσα</strong></span> <span class='ocrx_word' id='word_1_161' title='bbox 442 2459 573 2540; x_wconf 76' lang='grc' dir='ltr'><strong><em>τούτοις</em></strong></span> <span class='ocrx_word' id='word_1_162' title='bbox 588 2457 694 2548; x_wconf 81' lang='grc' dir='ltr'><strong><em>ὅμοια.</em></strong></span> <span class='ocrx_word' id='word_1_163' title='bbox 733 2460 773 2529; x_wconf 85' lang='grc' dir='ltr'><strong>Εἰ</strong></span> <span class='ocrx_word' id='word_1_164' title='bbox 789 2453 843 2529; x_wconf 78' lang='grc' dir='ltr'><strong>οὖν</strong></span> <span class='ocrx_word' id='word_1_165' title='bbox 868 2466 924 2528; x_wconf 86' lang='lat' dir='ltr'><strong>bus</strong></span> <span class='ocrx_word' id='word_1_166' title='bbox 948 2464 1037 2529; x_wconf 87' lang='lat' dir='ltr'><strong>debet</strong></span> <span class='ocrx_word' id='word_1_167' title='bbox 1060 2469 1210 2532; x_wconf 84' lang='lat' dir='ltr'><strong>abstinere</strong></span> <span class='ocrx_word' id='word_1_168' title='bbox 1226 2488 1334 2533; x_wconf 89' lang='lat' dir='ltr'><strong>servus</strong></span> <span class='ocrx_word' id='word_1_169' title='bbox 1350 2470 1414 2534; x_wconf 83' lang='lat' dir='ltr'><strong>Dei.-</strong></span> 
     </span>
    </p>
   </div>
   <div class='ocr_carea' id='block_1_5' title="bbox 290 2559 1432 2658">
    <p class='ocr_par' dir='ltr' id='par_1_5' title="bbox 290 2559 1432 2658">
     <span class='ocr_line' id='line_1_20' title="bbox 290 2559 1432 2658; baseline -0.002 -19"><span class='ocrx_word' id='word_1_170' title='bbox 290 2574 379 2640; x_wconf 86' lang='grc' dir='ltr'><strong><em>δοκεῑ</em></strong></span> <span class='ocrx_word' id='word_1_171' title='bbox 401 2592 455 2637; x_wconf 89' lang='grc' dir='ltr'><strong>σοι</strong></span> <span class='ocrx_word' id='word_1_172' title='bbox 477 2567 601 2658; x_wconf 75' lang='grc' dir='ltr'><strong><em>πονηροὶ</em></strong></span> <span class='ocrx_word' id='word_1_173' title='bbox 626 2559 704 2633; x_wconf 81' lang='grc' dir='ltr'><strong><em>εἶναι</em></strong></span> <span class='ocrx_word' id='word_1_174' title='bbox 724 2569 843 2648; x_wconf 74' lang='grc' dir='ltr'><strong><em>ταῦτα,</em></strong></span> <span class='ocrx_word' id='word_1_175' title='bbox 868 2567 994 2631; x_wconf 86' lang='lat' dir='ltr'><strong>Abstine</strong></span> <span class='ocrx_word' id='word_1_176' title='bbox 1025 2589 1100 2655; x_wconf 85' lang='lat' dir='ltr'><strong>ergo</strong></span> <span class='ocrx_word' id='word_1_177' title='bbox 1130 2574 1166 2635; x_wconf 81' lang='lat' dir='ltr'><strong>ab</strong></span> <span class='ocrx_word' id='word_1_178' title='bbox 1198 2575 1334 2637; x_wconf 86' lang='lat' dir='ltr'><strong>omnibus</strong></span> <span class='ocrx_word' id='word_1_179' title='bbox 1358 2574 1432 2655; x_wconf 70' lang='lat' dir='ltr'><strong>his,</strong></span> 
     </span>
    </p>
   </div>
   <div class='ocr_carea' id='block_1_6' title="bbox 289 2663 1417 3909">
    <p class='ocr_par' dir='ltr' id='par_1_6' title="bbox 289 2663 1417 3909">
     <span class='ocr_line' id='line_1_21' title="bbox 292 2663 1415 2762; baseline 0 -20"><span class='ocrx_word' id='word_1_180' title='bbox 292 2716 336 2734; x_wconf 84' lang='lat'><strong>-.-</strong></span> <span class='ocrx_word' id='word_1_181' title='bbox 352 2673 418 2743; x_wconf 80' lang='grc' dir='ltr'><strong>Καὶ</strong></span> <span class='ocrx_word' id='word_1_182' title='bbox 439 2673 511 2739; x_wconf 84' lang='grc' dir='ltr'><strong><em>λίαν</em></strong></span> <span class='ocrx_word' id='word_1_183' title='bbox 534 2671 657 2762; x_wconf 72' lang='grc' dir='ltr'><strong><em>πονηρά</em></strong></span> <span class='ocrx_word' id='word_1_184' title='bbox 677 2673 747 2749; x_wconf 88' lang='grc' dir='ltr'><strong><em>τοῖς</em></strong></span> <span class='ocrx_word' id='word_1_185' title='bbox 769 2663 842 2738; x_wconf 79' lang='grc' dir='ltr'><strong><em>δοδ-</em></strong></span> <span class='ocrx_word' id='word_1_186' title='bbox 868 2679 900 2739; x_wconf 88' lang='lat' dir='ltr'><strong>ut</strong></span> <span class='ocrx_word' id='word_1_187' title='bbox 924 2674 1007 2736; x_wconf 84' lang='lat' dir='ltr'><strong>vivas</strong></span> <span class='ocrx_word' id='word_1_188' title='bbox 1030 2674 1105 2756; x_wconf 84' lang='lat' dir='ltr'><strong>Deu,</strong></span> <span class='ocrx_word' id='word_1_189' title='bbox 1134 2684 1163 2740; x_wconf 90' lang='lat' dir='ltr'><strong>et</strong></span> <span class='ocrx_word' id='word_1_190' title='bbox 1185 2679 1324 2741; x_wconf 78' lang='lat' dir='ltr'><strong>scribaris</strong></span> <span class='ocrx_word' id='word_1_191' title='bbox 1348 2697 1415 2742; x_wconf 88' lang='lat' dir='ltr'><strong>cum</strong></span> 
     </span>
     <span class='ocr_line' id='line_1_22' title="bbox 289 2769 1414 2867; baseline 0 -21"><span class='ocrx_word' id='word_1_192' title='bbox 289 2781 361 2857; x_wconf 82' lang='grc' dir='ltr'><strong><em>λοις</em></strong></span> <span class='ocrx_word' id='word_1_193' title='bbox 383 2780 442 2845; x_wconf 85' lang='grc' dir='ltr'><strong>τοῦ</strong></span> <span class='ocrx_word' id='word_1_194' title='bbox 460 2779 554 2845; x_wconf 79' lang='grc' dir='ltr'><strong><em>Θεοῦ.</em></strong></span> <span class='ocrx_word' id='word_1_195' title='bbox 571 2815 612 2826; x_wconf 91' lang='lat'><em>-</em></span> <span class='ocrx_word' id='word_1_196' title='bbox 627 2769 855 2867; x_wconf 75' lang='grc' dir='ltr'><strong><em>Ἑγκράτευσαι·</em></strong></span> <span class='ocrx_word' id='word_1_197' title='bbox 869 2778 1091 2842; x_wconf 58' lang='lat' dir='ltr'><strong>abstinentibus</strong></span> <span class='ocrx_word' id='word_1_198' title='bbox 1138 2779 1164 2843; x_wconf 80' lang='lat' dir='ltr'>A</span> <span class='ocrx_word' id='word_1_199' title='bbox 1197 2783 1304 2862; x_wconf 86' lang='lat' dir='ltr'><strong>quibus</strong></span> <span class='ocrx_word' id='word_1_200' title='bbox 1339 2801 1414 2865; x_wconf 83' lang='lat' dir='ltr'><strong>ergo</strong></span> 
     </span>
     <span class='ocr_line' id='line_1_23' title="bbox 290 2866 1415 2970; baseline -0.001 -19"><span class='ocrx_word' id='word_1_201' title='bbox 290 2879 348 2951; x_wconf 81' lang='grc' dir='ltr'><strong>οὖν</strong></span> <span class='ocrx_word' id='word_1_202' title='bbox 370 2879 438 2970; x_wconf 79' lang='grc' dir='ltr'><strong>ω’πδ</strong></span> <span class='ocrx_word' id='word_1_203' title='bbox 460 2883 594 2962; x_wconf 72' lang='grc' dir='ltr'><strong>πάντων,</strong></span> <span class='ocrx_word' id='word_1_204' title='bbox 616 2877 668 2948; x_wconf 82' lang='grc' dir='ltr'><strong>ἵνα</strong></span> <span class='ocrx_word' id='word_1_205' title='bbox 683 2874 780 2970; x_wconf 79' lang='grc' dir='ltr'><strong><em>ζὴσῃς</em></strong></span> <span class='ocrx_word' id='word_1_206' title='bbox 795 2884 842 2967; x_wconf 74' lang='grc' dir='ltr'><strong>τῷ</strong></span> <span class='ocrx_word' id='word_1_207' title='bbox 869 2866 981 2945; x_wconf 85' lang='lat' dir='ltr'><strong>debeas</strong></span> <span class='ocrx_word' id='word_1_208' title='bbox 1004 2883 1164 2963; x_wconf 80' lang='lat' dir='ltr'><strong>abstinere,</strong></span> <span class='ocrx_word' id='word_1_209' title='bbox 1190 2885 1239 2948; x_wconf 83' lang='lat' dir='ltr'><strong>illa</strong></span> <span class='ocrx_word' id='word_1_210' title='bbox 1264 2893 1342 2948; x_wconf 83' lang='lat' dir='ltr'><strong>sunt.</strong></span> <span class='ocrx_word' id='word_1_211' title='bbox 1385 2886 1415 2950; x_wconf 82' lang='grc' dir='ltr'>Α</span> 
     </span>
     <span class='ocr_line' id='line_1_24' title="bbox 294 2978 1415 3076; baseline 0 -23"><span class='ocrx_word' id='word_1_212' title='bbox 294 2989 378 3072; x_wconf 78' lang='grc' dir='ltr'><strong><em>Θεῷ,</em></strong></span> <span class='ocrx_word' id='word_1_213' title='bbox 400 2987 453 3052; x_wconf 86' lang='grc' dir='ltr'><strong>καὶ</strong></span> <span class='ocrx_word' id='word_1_214' title='bbox 476 2978 656 3076; x_wconf 75' lang='grc' dir='ltr'><strong><em>ε’γγροφὴσῃ</em></strong></span> <span class='ocrx_word' id='word_1_215' title='bbox 677 2982 758 3070; x_wconf 71' lang='grc' dir='ltr'><strong><em>μετά</em></strong></span> <span class='ocrx_word' id='word_1_216' title='bbox 780 2993 842 3051; x_wconf 80' lang='grc' dir='ltr'><strong>τῶν</strong></span> <span class='ocrx_word' id='word_1_217' title='bbox 869 2987 976 3067; x_wconf 89' lang='lat' dir='ltr'><strong>quibus</strong></span> <span class='ocrx_word' id='word_1_218' title='bbox 1000 2994 1173 3051; x_wconf 80' lang='lat' dir='ltr'><strong>autemnon</strong></span> <span class='ocrx_word' id='word_1_219' title='bbox 1191 2991 1415 3053; x_wconf 75' lang='lat' dir='ltr'><strong>debeasiubsti·</strong></span> 
     </span>
     <span class='ocr_line' id='line_1_25' title="bbox 290 3082 1415 3189; baseline -0.003 -28"><span class='ocrx_word' id='word_1_220' title='bbox 290 3088 572 3182; x_wconf 77' lang='grc' dir='ltr'><strong><em>ε’γκροτευομὲυωυ.</em></strong></span> <span class='ocrx_word' id='word_1_221' title='bbox 598 3089 707 3175; x_wconf 67' lang='grc' dir='ltr'><strong>ιἐσμεν</strong></span> <span class='ocrx_word' id='word_1_222' title='bbox 723 3082 844 3157; x_wconf 81' lang='grc' dir='ltr'><strong><em>οὖνδεῖ</em></strong></span> <span class='ocrx_word' id='word_1_223' title='bbox 870 3109 953 3171; x_wconf 85' lang='lat' dir='ltr'><strong>nere,</strong></span> <span class='ocrx_word' id='word_1_224' title='bbox 977 3092 1053 3154; x_wconf 85' lang='lat' dir='ltr'><strong>nudi.</strong></span> <span class='ocrx_word' id='word_1_225' title='bbox 1098 3093 1145 3155; x_wconf 88' lang='lat' dir='ltr'><strong>Ab</strong></span> <span class='ocrx_word' id='word_1_226' title='bbox 1169 3096 1305 3189; x_wconf 60' lang='lat' dir='ltr'><strong>omnibus</strong></span> <span class='ocrx_word' id='word_1_227' title='bbox 1328 3096 1415 3159; x_wconf 87' lang='lat' dir='ltr'><strong>bunis</strong></span> 
     </span>
     <span class='ocr_line' id='line_1_26' title="bbox 289 3187 1413 3284; baseline -0.003 -19"><span class='ocrx_word' id='word_1_228' title='bbox 289 3188 555 3284; x_wconf 73' lang='grc' dir='ltr'><strong><em>ἐγκρατεύεσδοιι,</em></strong></span> <span class='ocrx_word' id='word_1_229' title='bbox 600 3187 702 3260; x_wconf 81' lang='grc' dir='ltr'><strong><em>ταῦτά</em></strong></span> <span class='ocrx_word' id='word_1_230' title='bbox 748 3194 841 3262; x_wconf 81' lang='grc' dir='ltr'><strong><em>ἐστιν.</em></strong></span> <span class='ocrx_word' id='word_1_231' title='bbox 870 3196 1010 3276; x_wconf 86' lang='lat' dir='ltr'><strong>operibus</strong></span> <span class='ocrx_word' id='word_1_232' title='bbox 1049 3197 1117 3259; x_wconf 84' lang='lat' dir='ltr'><strong>noli</strong></span> <span class='ocrx_word' id='word_1_233' title='bbox 1141 3199 1316 3278; x_wconf 48' lang='lat' dir='ltr'><strong>*abstinere,</strong></span> <span class='ocrx_word' id='word_1_234' title='bbox 1360 3199 1413 3262; x_wconf 89' lang='lat' dir='ltr'><strong>sed</strong></span> 
     </span>
     <span class='ocr_line' id='line_1_27' title="bbox 291 3293 1416 3389; baseline 0 -22"><span class='ocrx_word' id='word_1_235' title='bbox 291 3293 340 3367; x_wconf 67' lang='lat' dir='ltr'><strong>“A</strong></span> <span class='ocrx_word' id='word_1_236' title='bbox 355 3297 391 3365; x_wconf 81' lang='grc' dir='ltr'><strong>δὲ</strong></span> <span class='ocrx_word' id='word_1_237' title='bbox 411 3299 462 3365; x_wconf 87' lang='grc' dir='ltr'><strong>δεῖ</strong></span> <span class='ocrx_word' id='word_1_238' title='bbox 481 3321 518 3364; x_wconf 90' lang='grc' dir='ltr'><strong><em>σε</em></strong></span> <span class='ocrx_word' id='word_1_239' title='bbox 531 3294 574 3388; x_wconf 76' lang='grc' dir='ltr'><strong>μὴ</strong></span> <span class='ocrx_word' id='word_1_240' title='bbox 589 3293 841 3389; x_wconf 75' lang='grc' dir='ltr'><strong><em>ἐγκροτεύεσδαι,</em></strong></span> <span class='ocrx_word' id='word_1_241' title='bbox 869 3298 917 3362; x_wconf 84' lang='lat' dir='ltr'><strong>fue</strong></span> <span class='ocrx_word' id='word_1_242' title='bbox 939 3299 1011 3362; x_wconf 54' lang='lat' dir='ltr'><strong>illa.»</strong></span> <span class='ocrx_word' id='word_1_243' title='bbox 1035 3300 1125 3380; x_wconf 83' lang='lat' dir='ltr'><strong>Audi,</strong></span> <span class='ocrx_word' id='word_1_244' title='bbox 1148 3303 1252 3383; x_wconf 87' lang='lat' dir='ltr'><strong>inquit,</strong></span> <span class='ocrx_word' id='word_1_245' title='bbox 1277 3305 1416 3367; x_wconf 85' lang='lat' dir='ltr'><strong>virtutem</strong></span> 
     </span>
     <span class='ocr_line' id='line_1_28' title="bbox 290 3389 1416 3488; baseline 0 -17"><span class='ocrx_word' id='word_1_246' title='bbox 290 3398 374 3472; x_wconf 77' lang='grc' dir='ltr'><strong>ἆλλοέ</strong></span> <span class='ocrx_word' id='word_1_247' title='bbox 411 3408 533 3483; x_wconf 82' lang='grc' dir='ltr'><strong><em>ποιεῖν,</em></strong></span> <span class='ocrx_word' id='word_1_248' title='bbox 571 3395 677 3469; x_wconf 69' lang='grc' dir='ltr'><strong><em>ἄκουε·</em></strong></span> <span class='ocrx_word' id='word_1_249' title='bbox 705 3389 842 3471; x_wconf 77' lang='grc' dir='ltr'><strong><em>πάντων</em></strong></span> <span class='ocrx_word' id='word_1_250' title='bbox 869 3406 1016 3467; x_wconf 86' lang='lat' dir='ltr'><strong>bonorum</strong></span> <span class='ocrx_word' id='word_1_251' title='bbox 1040 3423 1181 3486; x_wconf 87' lang='lat' dir='ltr'><strong>operum,</strong></span> <span class='ocrx_word' id='word_1_252' title='bbox 1204 3425 1281 3488; x_wconf 79' lang='lat' dir='ltr'><strong>quae</strong></span> <span class='ocrx_word' id='word_1_253' title='bbox 1305 3406 1416 3472; x_wconf 81' lang='lat' dir='ltr'><strong>debens</strong></span> 
     </span>
     <span class='ocr_line' id='line_1_29' title="bbox 291 3501 1416 3598; baseline -0.001 -23"><span class='ocrx_word' id='word_1_254' title='bbox 291 3509 425 3595; x_wconf 78' lang='grc' dir='ltr'><strong><em>πρῶτον</em></strong></span> <span class='ocrx_word' id='word_1_255' title='bbox 447 3506 578 3587; x_wconf 83' lang='grc' dir='ltr'><strong><em>πίστις,</em></strong></span> <span class='ocrx_word' id='word_1_256' title='bbox 598 3501 704 3597; x_wconf 76' lang='grc' dir='ltr'><strong><em>φόβος</em></strong></span> <span class='ocrx_word' id='word_1_257' title='bbox 725 3509 842 3598; x_wconf 80' lang='grc' dir='ltr'><strong><em>κυρίου,</em></strong></span> <span class='ocrx_word' id='word_1_258' title='bbox 870 3510 1007 3590; x_wconf 81' lang='lat' dir='ltr'><strong>operari,</strong></span> <span class='ocrx_word' id='word_1_259' title='bbox 1037 3515 1068 3571; x_wconf 92' lang='lat' dir='ltr'><strong>ut</strong></span> <span class='ocrx_word' id='word_1_260' title='bbox 1090 3511 1192 3573; x_wconf 85' lang='lat' dir='ltr'><strong>sulvus</strong></span> <span class='ocrx_word' id='word_1_261' title='bbox 1215 3530 1285 3575; x_wconf 85' lang='lat' dir='ltr'><strong>esse</strong></span> <span class='ocrx_word' id='word_1_262' title='bbox 1308 3514 1416 3595; x_wconf 87' lang='lat' dir='ltr'><strong>possis.</strong></span> 
     </span>
     <span class='ocr_line' id='line_1_30' title="bbox 291 3605 1415 3700; baseline 0.003 -21"><span class='ocrx_word' id='word_1_263' title='bbox 291 3606 438 3695; x_wconf 78' lang='grc' dir='ltr'><strong><em>ὁμόνοια,</em></strong></span> <span class='ocrx_word' id='word_1_264' title='bbox 453 3605 571 3700; x_wconf 75' lang='grc' dir='ltr'><strong><em>ἀγάπη,</em></strong></span> <span class='ocrx_word' id='word_1_265' title='bbox 584 3605 708 3700; x_wconf 75' lang='grc' dir='ltr'><strong><em>ῥήματα</em></strong></span> <span class='ocrx_word' id='word_1_266' title='bbox 719 3615 842 3681; x_wconf 64' lang='grc' dir='ltr'><strong><em>δικαιοέ</em></strong></span> <span class='ocrx_word' id='word_1_267' title='bbox 869 3619 996 3681; x_wconf 84' lang='lat' dir='ltr'><strong>Primum</strong></span> <span class='ocrx_word' id='word_1_268' title='bbox 1028 3621 1157 3682; x_wconf 88' lang='lat' dir='ltr'><strong>omnium</strong></span> <span class='ocrx_word' id='word_1_269' title='bbox 1180 3626 1227 3682; x_wconf 90' lang='lat' dir='ltr'><strong>est</strong></span> <span class='ocrx_word' id='word_1_270' title='bbox 1247 3620 1342 3700; x_wconf 85' lang='lat' dir='ltr'><strong>fides,</strong></span> <span class='ocrx_word' id='word_1_271' title='bbox 1373 3623 1415 3683; x_wconf 92' lang='lat' dir='ltr'><strong>ti-</strong></span> 
     </span>
     <span class='ocr_line' id='line_1_31' title="bbox 290 3708 1417 3811; baseline 0.004 -28"><span class='ocrx_word' id='word_1_272' title='bbox 290 3708 393 3804; x_wconf 77' lang='grc' dir='ltr'><strong><em>σύυης,</em></strong></span> <span class='ocrx_word' id='word_1_273' title='bbox 418 3709 561 3805; x_wconf 72' lang='grc' dir='ltr'><strong><em>οἷλὴθεια,</em></strong></span> <span class='ocrx_word' id='word_1_274' title='bbox 577 3710 745 3811; x_wconf 51' lang='grc' dir='ltr'><strong>’ὑπομονὴ</strong></span> <span class='ocrx_word' id='word_1_275' title='bbox 768 3709 842 3784; x_wconf 71' lang='grc' dir='ltr'><strong>τοὺ·</strong></span> <span class='ocrx_word' id='word_1_276' title='bbox 869 3741 935 3796; x_wconf 81' lang='lat' dir='ltr'><strong>mur</strong></span> <span class='ocrx_word' id='word_1_277' title='bbox 958 3723 1091 3803; x_wconf 85' lang='lat' dir='ltr'><strong>Domini,</strong></span> <span class='ocrx_word' id='word_1_278' title='bbox 1114 3725 1259 3802; x_wconf 77' lang='lat' dir='ltr'><strong>ebaritas,</strong></span> <span class='ocrx_word' id='word_1_279' title='bbox 1283 3742 1417 3787; x_wconf 87' lang='lat' dir='ltr'><strong>concor·</strong></span> 
     </span>
     <span class='ocr_line' id='line_1_32' title="bbox 291 3812 1416 3909; baseline 0 -22"><span class='ocrx_word' id='word_1_280' title='bbox 291 3842 357 3887; x_wconf 81' lang='grc' dir='ltr'><strong>των</strong></span> <span class='ocrx_word' id='word_1_281' title='bbox 389 3812 598 3908; x_wconf 70' lang='grc' dir='ltr'><strong><em>ὀἷγαδώτεροι</em></strong></span> <span class='ocrx_word' id='word_1_282' title='bbox 632 3820 725 3886; x_wconf 81' lang='grc' dir='ltr'><strong><em>οὐδέν</em></strong></span> <span class='ocrx_word' id='word_1_283' title='bbox 759 3822 843 3889; x_wconf 74' lang='grc' dir='ltr'><strong><em>ε’στιι</em></strong></span> <span class='ocrx_word' id='word_1_284' title='bbox 871 3827 927 3907; x_wconf 84' lang='lat' dir='ltr'><strong>din,</strong></span> <span class='ocrx_word' id='word_1_285' title='bbox 951 3831 1096 3909; x_wconf 82' lang='lat' dir='ltr'><strong>nequitus,</strong></span> <span class='ocrx_word' id='word_1_286' title='bbox 1119 3829 1239 3906; x_wconf 75' lang='lat' dir='ltr'><strong>venien,</strong></span> <span class='ocrx_word' id='word_1_287' title='bbox 1264 3827 1416 3908; x_wconf 81' lang='lat' dir='ltr'><strong>patientie,</strong></span> 
     </span>
    </p>
   </div>
   <div class='ocr_carea' id='block_1_7' title="bbox 288 3918 1505 4015">
    <p class='ocr_par' dir='ltr' id='par_1_7' title="bbox 288 3918 1505 4015">
     <span class='ocr_line' id='line_1_33' title="bbox 288 3918 1505 4015; baseline 0.002 -23"><span class='ocrx_word' id='word_1_288' title='bbox 288 3923 325 3992; x_wconf 56' lang='grc' dir='ltr'><strong>’ἓν</strong></span> <span class='ocrx_word' id='word_1_289' title='bbox 336 3931 377 4010; x_wconf 83' lang='grc' dir='ltr'><strong>τῇ</strong></span> <span class='ocrx_word' id='word_1_290' title='bbox 385 3923 449 4013; x_wconf 82' lang='grc' dir='ltr'><strong>ζωῇ</strong></span> <span class='ocrx_word' id='word_1_291' title='bbox 460 3926 523 3990; x_wconf 79' lang='grc' dir='ltr'><strong>τῶν</strong></span> <span class='ocrx_word' id='word_1_292' title='bbox 533 3918 842 4015; x_wconf 63' lang='grc' dir='ltr'><strong><em>ἅνδρώπουπαδτα</em></strong></span> <span class='ocrx_word' id='word_1_293' title='bbox 870 3933 999 3993; x_wconf 79' lang='lat' dir='ltr'><strong>castitas.</strong></span> <span class='ocrx_word' id='word_1_294' title='bbox 1035 3931 1073 4003; x_wconf 88' lang='lat' dir='ltr'><strong>lis</strong></span> <span class='ocrx_word' id='word_1_295' title='bbox 1096 3932 1167 3993; x_wconf 88' lang='lat' dir='ltr'><strong>nihil</strong></span> <span class='ocrx_word' id='word_1_296' title='bbox 1190 3937 1236 3993; x_wconf 89' lang='lat' dir='ltr'><strong>est</strong></span> <span class='ocrx_word' id='word_1_297' title='bbox 1258 3929 1363 3991; x_wconf 79' lang='lat' dir='ltr'><strong>nnelius</strong></span> <span class='ocrx_word' id='word_1_298' title='bbox 1385 3931 1415 3992; x_wconf 94' lang='lat' dir='ltr'><strong>in</strong></span> <span class='ocrx_word' id='word_1_299' title='bbox 1502 3990 1505 3995; x_wconf 92' lang='lat'>.</span> 
     </span>
    </p>
   </div>
   <div class='ocr_carea' id='block_1_8' title="bbox 291 4025 1416 4412">
    <p class='ocr_par' dir='ltr' id='par_1_8' title="bbox 291 4025 1416 4412">
     <span class='ocr_line' id='line_1_34' title="bbox 292 4025 1416 4120; baseline 0.001 -24"><span class='ocrx_word' id='word_1_300' title='bbox 292 4025 348 4096; x_wconf 82' lang='grc' dir='ltr'><strong><em>ε’άυ</em></strong></span> <span class='ocrx_word' id='word_1_301' title='bbox 375 4050 425 4103; x_wconf 87' lang='grc' dir='ltr'><strong>τις</strong></span> <span class='ocrx_word' id='word_1_302' title='bbox 454 4029 622 4116; x_wconf 76' lang='grc' dir='ltr'><strong><em>φυλάσσει,</em></strong></span> <span class='ocrx_word' id='word_1_303' title='bbox 650 4027 702 4095; x_wconf 80' lang='grc' dir='ltr'><strong>καὶ</strong></span> <span class='ocrx_word' id='word_1_304' title='bbox 722 4025 768 4116; x_wconf 74' lang='grc' dir='ltr'><em>μή</em></span> <span class='ocrx_word' id='word_1_305' title='bbox 790 4029 840 4116; x_wconf 79' lang='lat' dir='ltr'><strong>e’y-</strong></span> <span class='ocrx_word' id='word_1_306' title='bbox 869 4037 928 4098; x_wconf 84' lang='lat' dir='ltr'><strong>vita</strong></span> <span class='ocrx_word' id='word_1_307' title='bbox 951 4035 1110 4112; x_wconf 84' lang='lat' dir='ltr'><strong>bominum,</strong></span> <span class='ocrx_word' id='word_1_308' title='bbox 1136 4034 1186 4114; x_wconf 90' lang='lat' dir='ltr'><strong>qui</strong></span> <span class='ocrx_word' id='word_1_309' title='bbox 1211 4033 1286 4095; x_wconf 81' lang='lat' dir='ltr'><strong>haee</strong></span> <span class='ocrx_word' id='word_1_310' title='bbox 1309 4040 1416 4120; x_wconf 83' lang='lat' dir='ltr'><strong>custu-</strong></span> 
     </span>
     <span class='ocr_line' id='line_1_35' title="bbox 291 4125 1415 4221; baseline 0.005 -23"><span class='ocrx_word' id='word_1_311' title='bbox 291 4125 477 4220; x_wconf 81' lang='grc' dir='ltr'><strong><em>κρατεύεται</em></strong></span> <span class='ocrx_word' id='word_1_312' title='bbox 493 4125 674 4213; x_wconf 80' lang='grc' dir='ltr'><strong><em>οἷπάδτοῖν,</em></strong></span> <span class='ocrx_word' id='word_1_313' title='bbox 689 4133 842 4221; x_wconf 80' lang='grc' dir='ltr'><strong><em>μακάριός</em></strong></span> <span class='ocrx_word' id='word_1_314' title='bbox 870 4139 978 4201; x_wconf 85' lang='lat' dir='ltr'><strong>dierint</strong></span> <span class='ocrx_word' id='word_1_315' title='bbox 1009 4145 1037 4200; x_wconf 87' lang='lat' dir='ltr'><strong>et</strong></span> <span class='ocrx_word' id='word_1_316' title='bbox 1069 4136 1193 4199; x_wconf 87' lang='lat' dir='ltr'><strong>iecerint</strong></span> <span class='ocrx_word' id='word_1_317' title='bbox 1216 4138 1246 4200; x_wconf 94' lang='lat' dir='ltr'><strong>in</strong></span> <span class='ocrx_word' id='word_1_318' title='bbox 1270 4139 1328 4201; x_wconf 88' lang='lat' dir='ltr'><strong>vitu</strong></span> <span class='ocrx_word' id='word_1_319' title='bbox 1351 4156 1415 4209; x_wconf 84' lang='lat' dir='ltr'><strong>sua.</strong></span> 
     </span>
     <span class='ocr_line' id='line_1_36' title="bbox 292 4231 1414 4324; baseline 0.002 -20"><span class='ocrx_word' id='word_1_320' title='bbox 292 4235 380 4304; x_wconf 82' lang='grc' dir='ltr'><strong><em>ε’στιυ</em></strong></span> <span class='ocrx_word' id='word_1_321' title='bbox 406 4233 439 4302; x_wconf 81' lang='grc' dir='ltr'><strong>ἐν</strong></span> <span class='ocrx_word' id='word_1_322' title='bbox 459 4237 500 4324; x_wconf 80' lang='grc' dir='ltr'><strong>τῇ</strong></span> <span class='ocrx_word' id='word_1_323' title='bbox 522 4235 589 4324; x_wconf 80' lang='grc' dir='ltr'><strong>ζωῇ</strong></span> <span class='ocrx_word' id='word_1_324' title='bbox 609 4235 716 4303; x_wconf 82' lang='grc' dir='ltr'><strong><em>αὐτοῦ.</em></strong></span> <span class='ocrx_word' id='word_1_325' title='bbox 759 4231 842 4304; x_wconf 83' lang='grc' dir='ltr'><strong><em>Εἶτα</em></strong></span> <span class='ocrx_word' id='word_1_326' title='bbox 869 4242 984 4306; x_wconf 90' lang='lat' dir='ltr'><strong>Deinde</strong></span> <span class='ocrx_word' id='word_1_327' title='bbox 1011 4233 1120 4305; x_wconf 85' lang='lat' dir='ltr'><strong>¹borum</strong></span> <span class='ocrx_word' id='word_1_328' title='bbox 1150 4243 1306 4322; x_wconf 76' lang='lat' dir='ltr'><strong>sequentia</strong></span> <span class='ocrx_word' id='word_1_329' title='bbox 1335 4242 1414 4308; x_wconf 81' lang='lat' dir='ltr'><strong>audi.</strong></span> 
     </span>
     <span class='ocr_line' id='line_1_37' title="bbox 292 4333 841 4412; baseline -0.002 0"><span class='ocrx_word' id='word_1_330' title='bbox 292 4336 415 4412; x_wconf 76' lang='grc' dir='ltr'><strong><em>σοδιωυ</em></strong></span> <span class='ocrx_word' id='word_1_331' title='bbox 451 4334 493 4407; x_wconf 75' lang='grc' dir='ltr'><strong>τοὶ</strong></span> <span class='ocrx_word' id='word_1_332' title='bbox 531 4333 694 4411; x_wconf 73' lang='grc' dir='ltr'><strong><em>α’κόλουθα</em></strong></span> <span class='ocrx_word' id='word_1_333' title='bbox 729 4341 841 4411; x_wconf 80' lang='grc' dir='ltr'><strong><em>ἄκουε·</em></strong></span> 
     </span>
    </p>
   </div>
   <div class='ocr_carea' id='block_1_9' title="bbox 0 0 1846 5209">
    <p class='ocr_par' dir='ltr' id='par_1_9' title="bbox 0 0 1846 5209">
     <span class='ocr_line' id='line_1_38' title="bbox 0 0 1846 5209; baseline 0 0"><span class='ocrx_word' id='word_1_334' title='bbox 0 0 1846 5209; x_wconf 95' lang='lat' dir='ltr'><strong> </strong></span> 
     </span>
    </p>
   </div>
  </div>
 </body>
</html>
