3659 5209
441 559 558 616 sxxxrv
876 554 1130 611 mossoonsm.
1229 615 1232 619 ,
1359 557 1564 627 [unarmru

530 721 575 783 De
597 719 739 803 martyrio
763 720 793 784 S.
818 718 973 800 Polycarpi
994 717 1145 780 Ireuoens
1166 716 1194 801 ¹]
1217 735 1339 799 quoque
1360 719 1463 782 verba
1491 718 1563 784 iecit:

441 817 513 889 bnt
540 817 623 889 moiri
652 816 712 911 udo
742 818 912 909 παρέμεινε
942 820 1180 906 (Polycarpus]·
1210 819 1263 885 nni
1290 812 1377 886 πάνυ
1407 822 1563 910 γηραλέος,

442 920 583 1005 ἐνδόξως
598 925 653 991 καὶ
675 924 913 1016 ἐπιφανέστατα
935 917 1154 1013 μαρτυρήσας,
1177 924 1295 1012 ἐξῆλθε
1317 933 1377 991 τοῦ
1398 924 1492 1009 βίου.

468 1074 471 1077 -
529 1036 668 1099 Similiter
690 1036 890 1116 Hieronymus
904 1032 954 1116 Ὃς
979 1033 1092 1096 Postea
1113 1053 1205 1110 vero,
1230 1042 1380 1115 reqnnnte
1405 1036 1447 1096 M.
1475 1037 1562 1100 Anto·

442 1143 516 1204 nino
540 1150 570 1202 et
591 1140 626 1203 L.
651 1140 781 1202 Aurelio
807 1140 984 1215 Commodo,
1012 1147 1127 1220 quartu
1147 1149 1223 1218 post
1243 1140 1400 1202 Neronem
1419 1161 1562 1220 perseeu-

442 1247 545 1322 tione,
577 1244 747 1327 qurnoe,
778 1246 905 1306 sedente
928 1243 1135 1320 Proconsute‚
1169 1253 1198 1306 et
1219 1246 1369 1307 uniuerso
1392 1249 1522 1326 populo
1541 1250 1561 1309 ir

352 1366 355 1371 ·
442 1351 667 1430 ompttrteaon
692 1350 844 1411 aduersus
867 1369 934 1410 enm
954 1358 1156 1427 personante,
1180 1350 1246 1428 iqni
1268 1351 1408 1413 traditus
1432 1361 1493 1414 est.

529 1456 576 1517 Vl.
622 1454 724 1518 Totam
756 1455 905 1516 ecelesiae
936 1454 1125 1536 smyrnensis
1155 1454 1311 1534 epistolam
1340 1470 1458 1536 nemo',
1492 1478 1560 1540 queo

442 1561 534 1624 soiam
557 1560 586 1621 in
611 1558 731 1621 dubium
754 1560 889 1635 vocavit;
921 1560 1037 1640 ipsique
1067 1559 1161 1620 oritioi
1192 1559 1364 1642 rigidissimi
1397 1561 1560 1628 laudensi

443 1668 611 1729 tribuerant
626 1663 669 1747 ³).
713 1665 771 1744 lis,
802 1684 877 1746 quae
900 1684 991 1747 supra
1015 1663 1084 1748 [Nr.
1109 1663 1149 1746 1.)
1173 1683 1212 1725 ex
1234 1664 1356 1732 Valesio
1385 1670 1559 1747 protulimus,

409 1819 411 1823 -
443 1790 478 1834 ea
502 1761 659 1847 addemus
681 1788 757 1850 quae
780 1771 993 1833 illustrissimus
1010 1771 1180 1852 Scaligerus
1205 1771 1234 1831 in
1249 1768 1559 1837 Animadversionibos

369 1906 374 1916 ·
443 1877 506 1939 suis
530 1875 705 1938 Eusebianis
729 1873 775 1957 (p.
803 1874 883 1958 121)
908 1875 1014 1938 effatus
1038 1881 1092 1938 est.
1137 1874 1224 1936 Haeo
1246 1881 1330 1952 sunt,
1355 1877 1468 1960 inquit,
1491 1888 1559 1943 netr-

442 1982 584 2043 str'ssr'mo
600 1980 656 2041 uto
673 1981 824 2042 eeclesiae
839 1983 1001 2063 martyria,
1019 1999 1149 2070 quorum
1165 1983 1297 2044 lectione
1307 1984 1442 2060 piorum
1455 1988 1560 2048 animur

443 2087 490 2148 itu
514 2084 664 2164 officitur,
689 2093 725 2146 ut
744 2104 910 2166 numquam
931 2095 1020 2148 satur
1040 2088 1118 2148 'inde
1136 2088 1245 2148 redeat
1251 2107 1263 2158 ,·
1285 2089 1375 2167 qnod
1391 2092 1515 2171 quidem
1529 2093 1560 2152 ito

441 2210 522 2267 esse,
547 2190 759 2270 unnsquisque
778 2210 838 2270 pro
864 2200 1038 2269 captusne
1062 2201 1091 2256 et
1112 2194 1325 2256 eonscientiae
1347 2198 1449 2259 modo
1465 2199 1560 2261 sentin

439 2304 550 2376 potest.
591 2296 678 2358 Certe
701 2316 757 2376 eqo
780 2298 860 2359 ntttt
881 2306 1018 2379 unqudm
1041 2298 1233 2361 indistorta
1255 2299 1559 2376 ecclesiasti-conti,

442 2419 464 2462 u
486 2403 576 2480 cujus
601 2401 732 2464 tectione
759 2404 941 2465 commotior
970 2404 1132 2481 recedam,
1164 2413 1198 2467 ut
1227 2422 1289 2466 non
1319 2407 1467 2485 amptius
1496 2424 1559 2470 meu

440 2526 513 2568 esse
536 2507 654 2568 uideor.
992 2512 994 2516 ’

531 2610 650 2673 Nostris
683 2611 866 2691 temporibus
885 2613 1072 2692 ,praesertim
1099 2613 1276 2677 Moeblerns
1308 2616 1463 2696 epistolae
1494 2618 1559 2700 hojo

444 2734 575 2779 causam»
587 2717 648 2798 egit
665 2713 707 2799 ⁴).
1231 2794 1235 2803 Ι

461 2846 465 2851 ·
531 2820 694 2888 Nonnuiias
717 2820 855 2898 lacinias,
886 2821 1061 2902 praesertim
1092 2821 1218 2884 fabulam
1248 2822 1286 2883 de
1307 2823 1457 2888 columba
1481 2821 1559 2900 crib

445 2927 590 3008 epistolae
611 2932 734 2989 nostrae
753 2945 769 2988 a
786 2928 1002 3007 posterioribus
1018 2925 1132 2988 additas
1147 2944 1225 3005 esse,
1248 2928 1480 2994 contenderunt
1496 2931 1559 2994 Heu

444 3046 569 3094 mannus
587 3027 618 3113 ⁵)
641 3037 671 3092 et
694 3031 759 3105 alii;
787 3048 846 3097 non
869 3032 968 3112 plane,
990 3038 1022 3092 ut
1046 3031 1172 3108 videtur,
1196 3032 1316 3113 injuste.
1385 3096 1387 3105 ,
1428 3084 1432 3091 ,

449 3194 453 3198 .
530 3135 675 3215 Equidem
704 3134 831 3196 ultimam
861 3136 965 3216 capitis
996 3135 1038 3198 22
1070 3136 1257 3217 particulam,
1290 3153 1369 3216 quae
1403 3137 1452 3202 de‘
1473 3137 1559 3217 'Pinnio

443 3240 590 3321 loquitur,
618 3238 747 3319 spuriam
771 3256 882 3302 censeo
906 3246 937 3302 et
959 3241 994 3302 ab
1020 3240 1070 3302 ilio
1093 3239 1277 3317 confestam,
1309 3242 1361 3321 qui
1385 3243 1559 3326 supposititio

442 3345 499 3407 ista
523 3343 552 3408 S.
572 3343 725 3423 Polycarpi
749 3350 823 3422 nota,
847 3362 973 3424 quorum
996 3362 1097 3425 supra,
1120 3362 1148 3425 p.
1164 3344 1316 3407 Lxxxur.
1339 3345 1411 3410 Nota
1433 3347 1468 3429 3,
1491 3365 1559 3410 meo·

443 3448 554 3511 tionem
585 3445 727 3525 fecimus,
761 3433 899 3528 quaeque
922 3448 1025 3510 Pionio
1057 3447 1132 3511 salse
1162 3449 1388 3530 adscribuntur,
1424 3454 1559 3536 gersuind

431 3552 677 3632 smyrnaeorum
694 3553 837 3632 epistolae
853 3552 928 3614 maia
945 3550 1050 3614 fraude
1066 3551 1208 3634 adjunxit.
1242 3554 1349 3616 Verbis
1366 3558 1452 3620 enim
1467 3547 1559 3626 naam

444 3644 577 3738 δηλώσω
608 3649 639 3716 ἐν
669 3651 888 3740 τῲχκαθεξῆς
918 3656 1178 3720 Pseudo-Piouius
1209 3657 1335 3738 indicat,
1371 3661 1559 3748 sequentibus

444 3757 482 3842 (i.
508 3779 533 3821 e.
557 3759 639 3822 Actis
656 3751 771 3842 'spuriis
795 3758 939 3843 adjectis)
962 3779 997 3824 se
1021 3761 1347 3842 decimumnonum
1375 3784 1461 3846 quae
1482 3765 1559 3846 Poly·

445 3880 552 3944 carpus
575 3882 630 3945 per
651 3866 865 3928 revelationem
888 3864 946 3944 ipsi
969 3867 1210 3930 manifestaverit.

479 4048 507 4113 1)
526 4049 589 4102 nov.
602 4051 677 4105 uter.
692 4051 733 4118 m,
747 4052 772 4104 a.
801 4052 875 4120 spur
892 4017 989 4109 ano.
1020 4058 1123 4110 raone.
1141 4054 1205 4108 mm
1224 4072 1263 4126 gr.
1282 4057 1323 4110 ea.
1343 4058 1448 4116 uma.
1475 4061 1502 4115 r.
1520 4055 1559 4111 ru

443 4133 507 4187 nui.
526 4137 590 4189 ecci.
609 4137 652 4203 IV,
673 4140 713 4190 14.
1019 4158 1044 4209 p.
1062 4142 1106 4194 51.

478 4223 505 4284 2)
525 4223 643 4277 Dra-viris
661 4225 748 4277 illustr.
769 4241 792 4276 r„
814 4225 854 4276 17.
893 4253 897 4257 ·
1054 4229 1082 4292 4)
1101 4228 1230 4299 Patroiog.
1257 4231 1284 4283 T.
1309 4230 1328 4283 1.
1358 4250 1385 4301 p.
1411 4235 1478 4289 41⁰.
1520 4232 1559 4287 cfr.

477 4308 506 4374 3)
527 4311 591 4362 bide
610 4315 764 4376 buimont,
789 4311 923 4365 Memoirea
942 4322 991 4366 etc.
1019 4318 1147 4383 Neonder,
1158 4317 1227 4385 110.
1248 4317 1275 4370 Τ.
1294 4318 1323 4370 1.·
1335 4319 1359 4371 1.
1379 4338 1406 4389 p.
1430 4323 1484 4387 teo
1500 4337 1548 4392 sqq

443 4393 471 4448 Τ.
483 4395 513 4468 li.
526 4413 551 4467 p.
566 4396 615 4449 341
630 4413 684 4467 sqq.
704 4398 745 4450 ed.
760 4396 866 4452 Veneta.
887 4399 954 4452 1732
967 4408 993 4453 et
1052 4401 1080 4467 5)
1099 4402 1300 4458 tritemorian
1315 4421 1338 4459 c.
1350 4405 1384 4458 16
1395 4408 1468 4463 inira
1479 4405 1559 4480 qum
