3659 5209
596 521 735 576 lautu
753 521 888 577 Pteron.
924 523 1020 576 LIBER
1037 523 1059 580 l.
1097 524 1181 579 t'tsto
1199 524 1241 578 lll-
1417 531 1480 596 333

351 683 444 762 mina,
467 689 500 746 ut
516 681 654 747 iratribus
668 685 849 765 annuntiem,
873 693 901 748 et
917 685 1074 749 hilariores
1091 687 1170 766 liant,
1192 693 1220 748 ει
1236 686 1310 749 baec
1325 687 1480 752 audientes
1592 696 1595 701 '

350 787 557 853 honorificent
578 789 735 863 Dominum
759 809 824 852 cum
847 790 934 852 multa
958 791 1083 873 gloria.“
1129 791 1166 854 Et
1188 792 1236 854 illa
1259 794 1313 854 ait:
1339 794 1481 871 ,audient

351 893 474 975 quidem
503 893 601 970 multi3
636 898 666 955 et
694 912 784 975 quum
813 893 976 975 audierint,
1008 895 1126 977 quidam
1156 916 1195 958 ex
1224 898 1267 959 eis
1296 898 1479 980 gaudebunt,

351 997 473 1078 qrridam
496 995 593 1061 autem
620 996 741 1060 flebunt
788 997 845 1062 Sed
877 1006 907 1061 et
936 999 983 1061 isti
1013 1001 1184 1080 audientes,
1215 1002 1241 1064 si
1269 1002 1479 1082 poenitentiam
1547 1008 1552 1018 '

351 1103 493 1185 egerint,
525 1108 556 1165 et
578 1101 635 1184 ipsi
658 1101 836 1183 gaudebunt
882 1101 961 1164 Audi
992 1124 1071 1168 nunc
1103 1087 1142 1168 de
1171 1106 1360 1169 similitudine
1390 1109 1478 1170 turris

351 1209 453 1272 omnia
477 1209 560 1288 baec,
585 1215 614 1270 st
636 1208 779 1271 hactenus
802 1209 871 1271 mibi
896 1209 934 1270 de
953 1210 1138 1272 revelatione
1154 1210 1307 1274 molestior
1323 1186 1397 1273 esse
1407 1210 1477 1273 noli.

349 1312 566 1376 Revelationes
590 1313 668 1375 enim
690 1294 765 1375 istae
787 1313 874 1375 finem
897 1314 1022 1391 habent3
1045 1315 1182 1395 impletae
1204 1324 1273 1379 sunt
1294 1316 1380 1378 enim.
1419 1313 1477 1379 Sed

349 1424 383 1481 tu
407 1436 476 1481 non
509 1416 620 1479 desinis
650 1418 679 1479 in
710 1418 840 1500 petendo
870 1419 1070 1481 revelationes
1079 1440 1088 1495 3
1124 1418 1300 1502 ¹improbus
1330 1422 1407 1482 enim
1434 1438 1477 1482 es.

350 1523 462 1586 Turris
484 1522 621 1610 quidem,
646 1541 731 1604 quam
756 1523 840 1586 vides
861 1524 1028 1604 aedificari,
1053 1543 1112 1608 ego
1135 1544 1200 1589 sum
1224 1527 1371 1605 ecclesia,
1401 1545 1478 1606 quae

349 1629 404 1700 tibi
435 1629 577 1711 apparui,
609 1637 639 1692 et
668 1629 757 1693 modo
789 1635 818 1691 et
846 1631 947 1711 prius·
985 1631 1199 1713 Quodcumque
1222 1632 1312 1714 igitur
1334 1627 1477 1710 volueris,

348 1737 509 1816 interroga
533 1731 570 1795 de
593 1735 683 1813 turri,
715 1739 745 1796 et
766 1734 908 1798 revelabo
933 1735 1001 1814 tibi,
1031 1740 1063 1797 ut
1085 1736 1217 1818 gaudeas
1247 1756 1314 1799 cum
1331 1736 1476 1798 ·sanctis.“
1525 1764 1531 1773 ·

347 1841 428 1904 Dico
454 1839 502 1913 ei:
536 1837 690 1918 ,domina,
714 1840 852 1919 quoniam
875 1859 923 1901 me
946 1841 1040 1902 semel
1063 1839 1183 1923 dignum
1207 1842 1345 1904 arbitrata
1368 1860 1421 1921 es,
1445 1847 1478 1904 ut
1565 1844 1576 1853 “

348 1942 454 2008 omnia
477 1943 545 2004 mihi
568 1943 697 2023 reveles,
723 1944 870 2006 revela.“·
900 1944 951 2005 Ait
973 1944 1060 2006 mibi:

348 2042 450 2113 ὃέοέν
472 2042 632 2127 ἐνδέχεται
663 2066 715 2112 σοι
744 2043 903 2111 ἅπεκαιυ-
932 2045 1189 2129 ²,quodcumque
1224 2052 1389 2131 oportuerit
1426 2051 1477 2113 tibi

347 2150 494 2241 φθῆναι,
517 2143 842 2239 ἀποκαλυφθήσεται,
931 2152 1069 2231 revelari,
1092 2153 1282 2231 revelabitur,

347 2266 464 2323 tantum
488 2265 519 2320 ut
541 2276 595 2321 cor
617 2267 698 2321 tuum
721 2258 798 2339 apud
821 2258 978 2320 Dominum
1001 2258 1055 2336 sit,
1089 2265 1118 2319 et
1142 2276 1180 2318 ne
1206 2256 1340 2333 dubites,
1374 2257 1476 2337 quod-

348 2382 481 2444 cumque
503 2362 645 2425 videris.“
684 2362 872 2445 lnterrogavi
896 2362 991 2423 illam:
1017 2379 1128 2442 „quare
1150 2362 1238 2423 turris
1257 2359 1409 2423 aedificata
1430 2369 1477 2423 est
1594 2421 1597 2425 .

348 2487 448 2552 super
468 2479 572 2548 aquas,
597 2449 760 2530 domina?“
800 2467 980 2548 Respondit:
1006 2468 1159 2546 ,dixeram
1176 2464 1226 2531 tibi
1244 2473 1273 2528 et
1288 2467 1380 2547 prius,
1403 2486 1477 2528 ver-

351 2581 452 2639 sutum
475 2579 506 2636 te
530 2590 617 2652 esse,
649 2573 728 2634 circa
757 2571 920 2635 structuras
951 2572 1109 2654 diligenter
1139 2571 1335 2653 inquirentem
1344 2590 1353 2646 ς
1388 2571 1479 2652 igitur
1595 2567 1598 2581 '

350 2679 491 2744 invenies
515 2680 678 2742 veritatem.
724 2678 823 2751 Quare
846 2696 922 2761 ergo
946 2695 1037 2758 super
1059 2694 1151 2756 aquas
1181 2674 1352 2738 aedificatur
1378 2677 1477 2754 turris,

351 2783 437 2846 audi:
472 2785 611 2865 quoniam
641 2783 700 2844 vita
728 2789 826 2845 vestra
856 2800 911 2864 per
939 2801 1043 2862 aquam
1066 2781 1147 2845 salva
1171 2780 1246 2843 facta
1270 2787 1333 2858 est,
1366 2786 1397 2841 et
1418 2779 1476 2842 fiet.

346 2872 486 2952 'bonuau
517 2896 563 2950 est
593 2889 671 2950 enim
702 2884 824 2950 ³verbo
856 2887 1066 2968 omnipotentis
1097 2892 1126 2949 et
1152 2885 1308 2949 honorifici
1331 2885 1476 2967 nominis3

353 2996 524 3058 continetur
547 3000 644 3056 autem
669 2994 705 3056 ab
733 2993 871 3056 invisibili
894 2994 1002 3055 virtute
1025 2991 1110 3053 Dei.“

425 3098 494 3159 tv..
529 3097 726 3179 Respondens
750 3098 885 3161 dicoei:
921 3097 1098 3180 ,magnifice
1127 3097 1235 3160 babent
1266 3112 1381 3161 seres
1411 3093 1476 3156 bae.

350 3203 394 3266 llli
418 3210 515 3265 autem
534 3204 665 3286 juvenes
688 3222 754 3282 sex,
777 3205 825 3283 qui
849 3203 1015 3281 aedificant,
1040 3203 1191 3283 quisunt,
1215 3197 1381 3262 domina?“.
1422 3197 1477 3276 ,Hi

351 3314 420 3371 sunt
444 3308 543 3389 angeli
567 3309 641 3387 Dei,
665 3309 715 3388 qui
737 3309 833 3388 primo
857 3309 1007 3370 constituti
1030 3313 1115 3384 sunt,
1140 3306 1246 3386 quibus
1270 3302 1389 3377 tradidit
1411 3302 1477 3364 Do·
1536 3297 1539 3302 ’

350 3414 449 3489 minus
473 3414 641 3476 universam
665 3420 829 3476 creaturam
851 3430 945 3492 suam,
968 3411 1112 3490 struendi,
1136 3408 1310 3472 aedificandi
1329 3415 1359 3470 et
1377 3407 1477 3470 domi*-

351 3517 442 3580 nandi
466 3524 621 3581 creaturae
644 3518 729 3581 illius.
770 3514 850 3579 4Ρει
872 3519 928 3581 hos
953 3519 1031 3580 enim
1055 3515 1306 3580 consummabitur
1328 3502 1477 3576 structura

349 3623 471 3687 turris.“
512 3621 648 3711 „caeteri
671 3629 778 3702 autem,
802 3622 852 3703 qui
875 3622 1032 3704 adportant
1052 3621 1175 3704 lapides,
1199 3620 1249 3700 qui
1265 3618 1379 3682 sunt?“
1422 3615 1477 3697 „Et

386 3848 416 3916 i)
435 3845 454 3897 l.
468 3849 649 3911 ceetomone,
670 3850 792 3917 cupidus.
819 3846 900 3899 Editi:
929 3845 978 3899 Alii
1003 3847 1082 3899 verba
1104 3850 1215 3916 fundata
1233 3852 1274 3899 cst
1291 3851 1341 3895 etc.
1370 3841 1401 3892 ad
1420 3848 1476 3891 tur·

347 3939 529 4004 inapertuams.
558 3936 642 3983 Oxou.
929 3936 975 3985 rim
992 3934 1113 3986 reserum.

386 4022 418 4086 2)
438 4018 511 4069 Hunc
542 4016 625 4069 locum
660 4018 747 4072 laudat
781 4025 900 4076 Clemens
963 4021 992 4088 4)
1011 4021 1050 4071 Ab
1069 4018 1176 4087 angelis,
1196 4014 1371 4084 quibuslleus
1390 4024 1476 4079 curam

346 4109 424 4164 Alex.
444 4105 533 4156 Strom.
553 4104 584 4170 ll,
605 4105 627 4157 1.
646 4123 670 4173 p.
690 4107 749 4158 430.
928 4107 1079 4175 populorum
1091 4105 1186 4168 tribuit,
1200 4101 1308 4154 ecclesia
1320 4098 1475 4164 aedificatur,

385 4195 415 4258 3)
435 4191 476 4243 Sc.
494 4195 712 4259 vitaveatraper
728 4196 900 4263 laodomam
928 4195 1021 4262 quippe
1051 4196 1094 4263 qui
1122 4192 1230 4262 populos
1257 4201 1315 4241 suos
1342 4187 1373 4239 ad
1400 4185 1475 4239 tidem

346 4297 434 4356 quae,
458 4297 538 4348 quum
560 4283 598 4333 ita
620 4283 658 4334 ait
680 4282 899 4350 fundatorisque
927 4281 1061 4333 adducant.

346 4370 533 4433 contineater,
558 4369 617 4422 ideo
641 4369 713 4422 torri
730 4377 771 4422 eet
788 4369 897 4424 cimilia.

1399 4504 1401 4515 '
1476 4541 1600 4660 r
