3659 5209
235 560 245 611 Ξ
283 565 449 638 HERMAE]
685 620 688 625 ,
721 564 978 620 ruotuoottuns.
1326 569 1413 624 xcvss

373 730 421 794 Ex
443 730 490 793 his
513 745 586 791 vero
609 727 710 790 vensis
733 727 761 790 id
785 733 894 790 tantum
915 728 1067 810 conjicere
1088 728 1213 792 debebat
1232 731 1279 794 vir
1295 729 1411 796 doctis-

235 848 245 889 t
282 836 387 914 simuS,
412 833 596 915 Hieronymi
613 833 801 911 temporibus
816 834 922 895 librum
940 829 1072 896 nostrum
1088 835 1164 916 apud
1180 835 1300 898 Latinos
1316 856 1411 918 paene

235 954 246 995 r
282 939 454 1020 ignoratum
493 939 594 1002 tuisse.
649 938 771 1000 Duobus
811 943 907 1001 autem
946 939 1056 1001 seculis
1094 922 1162 1002 ante
1199 925 1409 1023 Hieronymum

235 1061 246 1100 r
281 1044 415 1106 Pastoris
436 1044 543 1119 librum
567 1042 645 1125 apud
668 1043 788 1105 Latinos
812 1043 1019 1125 pervulgatum
1044 1043 1147 1122 inisse,
1170 1063 1187 1107 e
1210 1045 1312 1106 verbis
1331 1045 1409 1108 Ter·

235 1167 246 1208 r
284 1147 399 1209 tulliani
420 1165 509 1229 supra
532 1148 656 1211 laudatis
687 1154 818 1229 apparet.
862 1147 961 1210 Facite
994 1154 1091 1210 autem
1122 1148 1186 1211 fieri
1215 1155 1349 1230 poterat,
1379 1157 1412 1213 ut

283 1253 360 1315 liber
375 1253 423 1315 bic
439 1255 656 1335 posterioribus
672 1254 791 1331 seculis,
808 1253 825 1314 i.
839 1271 865 1315 e.
883 1260 987 1334 quarto
1005 1259 1041 1314 et·
1050 1254 1161 1333 quinto,
1178 1272 1194 1315 a
1211 1251 1343 1330 Graecis,
1360 1252 1411 1335 qui

244 1394 247 1415 ι
281 1377 387 1420 verum
405 1346 557 1422 auctorem
574 1360 789 1439 incompertum
806 1356 973 1420 habuerunt
989 1358 1114 1438 viroque
1127 1358 1292 1438 apostolico
1304 1358 1410 1421 librum

235 1484 246 1526 r
279 1464 468 1543 tribuerunt,
482 1465 603 1547 majoris
621 1452 834 1527 ‘aestimaretur
855 1462 985 1543 ideoque
1001 1463 1120 1544 saepius
1135 1463 1299 1544 legeretur,
1323 1481 1410 1543 quum

246 1592 248 1628 t
279 1586 297 1630 a
319 1567 442 1648 Latinis,
466 1588 592 1650 quorum
616 1569 697 1632 multi
721 1567 827 1631 eodem
852 1586 959 1630 errore
981 1568 1058 1649 capti
1080 1585 1141 1630 non
1164 1565 1294 1631 fuerunt.

235 1696 247 1756 p
366 1674 433 1737 Non
465 1681 510 1737 est
539 1677 645 1760 igitur,
676 1676 756 1758 quod
787 1673 908 1737 fratrem
930 1671 973 1734 Pii
994 1672 1014 1734 1.
1044 1673 1148 1736 librum
1171 1678 1306 1737 nostrum
1329 1691 1408 1737 con-

237 1784 249 1843 !
278 1778 440 1862 scripsisse
470 1780 636 1844 dubitemus
657 1778 693 1863 ¹).

368 1885 487 1948 Minime
510 1905 603 1965 vero,
635 1904 711 1969 qnae
735 1886 771 1948 ab
795 1883 852 1947 iliis
875 1884 1042 1948 sententiae
1066 1890 1187 1947 nostrae
1216 1882 1405 1968 objiciuntur,

235 2014 245 2053 ,ι
277 1995 441 2054 taceamus.

368 2093 404 2178 a)
425 2096 531 2156 Frater
552 2095 594 2156 Pii
615 2095 638 2172 1,
661 2095 752 2175 ajunt,
776 2109 917 2155 sermone
939 2091 1047 2169 latino,
1072 2109 1132 2153 non
1155 2109 1277 2174 graeco,
1299 2094 1405 2158 librum

276 2197 520 2278 conscripsisset,
543 2198 654 2279 quippe
678 2199 737 2279 qui,
761 2202 837 2260 teste
859 2197 935 2260 libro
958 2195 1118 2279 pontificali
1132 2196 1260 2278 Damasi,
1283 2199 1405 2263 natione

275 2304 370 2367 italus
395 2308 484 2366 esset.
530 2303 589 2369 Sed
604 2302 694 2367 Italos
710 2322 832 2401 quoque
853 2303 918 2366 istis
934 2296 1116 2384 temporibus
1137 2318 1248 2383 graeco
1268 2301 1405 2365 idiomate
1446 2297 1449 2303 ’

235 2417 248 2475 's
276 2408 456 2491 saepissime
479 2425 550 2472 usos
574 2425 652 2486 esse,
677 2407 763 2490 piane
788 2415 912 2473 constat.

367 2511 406 2598 b)
430 2514 591 2577 Auctorem
615 2515 676 2577 Vis.
699 2514 732 2576 11.
756 2535 781 2578 c.
805 2511 833 2578 d.
867 2532 901 2578 se
933 2531 1077 2577 coaevum
1101 2510 1259 2574 Clementis
1281 2509 1406 2574 Romani

235 2646 246 2685 ¹.
276 2619 449 2702 significare
465 2619 618 2682 affirmant.
658 2620 739 2684 Bene
755 2620 889 2702 quidem;
911 2619 966 2684 sed
982 2620 1118 2681 Hermam
1131 2610 1282 2701 juniorem
1298 2622 1406 2698 poema

277 2726 337 2789 boc
361 2724 773 2807 apocalyptico-didacticum
791 2723 833 2808 ²),
857 2725 962 2789 fraude
986 2722 1111 2805 quadam
1134 2722 1197 2803 pia,
1221 2729 1253 2784 ut
1274 2721 1407 2783 Montani

235 2860 247 2899 r
275 2847 399 2893 errores
430 2848 467 2893 eo
499 2832 622 2913 gravius
653 2831 914 2913 impugnarentur,
946 2830 1059 2893 seniori
1082 2828 1210 2890 Hermae
1238 2826 1406 2910 apostolico

235 2968 245 3007 ι
275 2936 475 3019 supposuisse
499 2937 705 2999 contendimus
721 2933 763 3020 ³).

365 3037 401 3125 c)
426 3040 554 3104 Maxime
569 3042 711 3105 irenaeus
722 3038 754 3126 ⁴)
770 3041 935 3124 apostolico
951 3042 1078 3103 Hermae
1093 3037 1294 3101 testimonium
1310 3056 1404 3119 prac-

235 3190 241 3215 ²
313 3196 339 3259 1)
364 3195 465 3247 Librum
493 3195 605 3249 Pastoris
631 3199 722 3250 mediis
748 3197 828 3249 seculi
855 3205 967 3248 nostrum
984 3199 1053 3250 luico
1065 3196 1163 3249 cuidam
1176 3194 1322 3257 christiano,
1341 3208 1403 3260 par-

274 3281 382 3335 secundi
407 3283 566 3350 temporibus
591 3282 702 3336 dekius
727 3300 827 3354 quoque
854 3283 920 3335 tibus
933 3287 1122 3338 Juduietumm
1135 3281 1229 3335 iaventi
1241 3280 1340 3344 tribuit,
1359 3281 1404 3348 qui

274 3370 406 3438 assignat,
432 3372 588 3440 Einleitunp
613 3375 642 3425 in
665 3375 706 3425 die
726 3375 826 3443 Offerrb.
854 3369 1000 3437 paulopost
1018 3370 1114 3420 initium
1133 3368 1213 3421 seculi
1232 3368 1337 3420 secundi
1355 3383 1403 3435 per

235 3490 239 3501 ·
274 3459 412 3512 donarium
430 3474 455 3524 p.
471 3457 529 3510 142.
558 3457 825 3509 ineandemsenten-
853 3457 1067 3524 praedicationem
1092 3459 1265 3528 poenitentiae
1288 3468 1402 3506 renova-

273 3545 334 3596 tiam
353 3544 407 3595 iere
426 3551 545 3595 unctores
570 3542 627 3594 iibri
652 3543 827 3611 celeberrimis
854 3545 949 3594 tionem
966 3545 1035 3595 vitae
1060 3543 1250 3596 ecclesiasticae
1276 3541 1403 3592 adducere

275 3633 401 3701 Oripinee
426 3634 457 3685 de
481 3631 584 3700 t'e'pliee
606 3634 749 3696 dommine,
775 3651 827 3702 pur
852 3631 986 3684 studuerit.

273 3719 313 3771 les
340 3721 468 3771 membres
492 3704 523 3772 de
546 3721 572 3771 ta
594 3719 778 3772 communumte'
796 3722 827 3772 de
887 3717 917 3785 2)
936 3717 1055 3769 Hermam
1070 3717 1161 3769 librum
1179 3715 1213 3768 Ν
1230 3713 1400 3768 Esdraeimi-

272 3807 419 3858 Selemnos.
454 3803 541 3869 Paris,
563 3802 728 3870 Debecourt‚
748 3798 824 3856 1836.
851 3812 930 3856 tatum
942 3821 999 3857 esse
1009 3802 1315 3856 contenditJacbmaouus
1325 3820 1350 3872 p.
1359 3803 1400 3854 65.

272 3888 301 3942 T.
319 3889 339 3941 1.
357 3908 382 3958 ρ,
404 3892 460 3942 145.
497 3891 553 3943 Alia
575 3891 677 3957 placent
695 3895 824 3962 Schwep-
853 3889 903 3943 Cir.
923 3890 982 3944 Not.
1002 3892 1017 3942 6
1037 3890 1068 3943 ad
1088 3890 1138 3945 vis.
1156 3890 1183 3956 1,
1202 3890 1226 3943 3.

272 3979 330 4030 tero
348 3975 519 4046 Tubiugeusi‚
546 3980 593 4048 qui
605 3977 736 4030 Pastorem
754 3987 823 4030 tem·
886 3976 913 4041 3)
934 3977 1012 4030 Simili
1030 3978 1106 4029 modo
1124 3977 1285 4045 conjugatum
1316 3986 1343 4031 et
1368 3972 1400 4026 ad

271 4064 379 4141 poribus
406 4062 505 4131 Trajani
535 4083 548 4117 a
575 4046 687 4118 tubania
715 4065 824 4134 quodam
851 4066 961 4133 inopiam
980 4065 1173 4117 redactumetc.
1191 4081 1219 4116 se
1238 4065 1315 4132 tingit
1348 4061 1398 4115 cfr.

271 4150 637 4219 seuEbiouituconscriptum
656 4159 736 4219 putat.
767 4157 824 4207 Dus
851 4151 903 4204 Vis.
922 4152 943 4219 1,
963 4149 987 4203 3.
1018 4151 1068 4204 Vis.
1087 4150 1119 4216 11,
1138 4152 1162 4201 4.
1194 4150 1246 4202 Vis.
1265 4149 1308 4214 111,
1328 4149 1352 4199 6.

269 4243 427 4309 mucbupoat.
441 4242 579 4306 lunariter,
594 4237 622 4289 T.
636 4234 654 4289 1.
668 4254 694 4305 p.
705 4237 756 4289 332
768 4256 821 4308 sqq.
859 4299 862 4307 y
884 4240 913 4304 4)
939 4239 1004 4291 Adv.
1029 4238 1105 4292 Haer.
1130 4238 1171 4303 lv,
1188 4237 1231 4288 20.
1258 4253 1283 4287 n.
1302 4234 1327 4286 2.
1356 4231 1397 4285 ed.

270 4325 324 4394 ipsi
348 4327 437 4392 partim
462 4325 562 4377 accedit
579 4328 727 4394 Httpenfetd
745 4326 823 4394 [apo-
852 4325 969 4380 nassum.

272 4412 332 4467 stol.
343 4413 420 4466 thcr
438 4410 654 4481 prorostra),
673 4413 716 4482 qui
733 4410 825 4465 librum
