3659 5209
1100 549 1140 601 1.
1178 545 1540 601 CLEMENTIS
1577 545 1666 598 AD
1709 542 1857 598 COR.
1894 543 2063 596 XLIII.
2099 542 2267 597 XLIV.
2683 548 2806 613 113

548 708 867 790 principes
915 707 1132 770 afferre
1175 708 1569 790 sibivirgaS,
1633 725 1786 786 quae
1830 704 2306 786 uniuscujusque
2360 705 2543 769 tribus
2590 724 2810 770 nomen

549 805 913 892 inscriptum
948 812 1249 874 haberent.
1328 811 1488 885 Quas
1535 829 1669 873 cum
1715 811 2068 891 accepisset,
2117 810 2175 872 in
2218 809 2560 872 fasciculum
2590 811 2810 894 ligavit,

556 924 626 978 et
683 915 960 978 ¹annulis
1006 917 1335 997 principum
1381 916 1636 1002 tribuum
1682 914 1959 997 signavit,
2009 919 2068 975 et
2111 914 2169 976 in
2215 912 2597 976 tabernaculo
2637 916 2810 977 testi—

559 1021 749 1083 monii
797 1038 980 1100 super
1025 1038 1286 1082 mensam
1335 1018 1767 1100 Dei-deposuit
1813 1035 1935 1079 eas,
2029 1018 2367 1097 Clausoque
2431 1018 2810 1080 tabernaculo

560 1125 769 1187 claves
824 1126 1094 1187 similiter
1154 1131 1211 1186 et
1270 1125 1472 1205 virgas
1534 1123 1826 1206 signavit,
1897 1128 1957 1184 et
2016 1122 2162 1184 dixit
2220 1123 2343 1183 eis:
2407 1123 2520 1183 viri
2581 1121 2814 1200 fratrea,

562 1231 742 1308 cujus
802 1231 988 1292 tribus
1044 1229 1215 1310 virga
1275 1228 1736 1312 germinaverit,
1795 1228 1950 1289 hanc
2010 1227 2194 1308 elegit
2238 1228 2431 1305 DeuS,
2495 1245 2649 1307 quae
2709 1227 2818 1306 ipsi

563 1350 743 1397 sacra
788 1333 962 1395 faciat
1008 1340 1064 1396 et
1112 1333 1415 1396 ministret.
1506 1333 1679 1395 Mane
1746 1336 1942 1393 autem
2004 1330 2163 1393 facto
2223 1333 2622 1414 congregavit
2679 1332 2818 1393 uni-

564 1456 813 1500 versum
873 1437 1156 1519 populum
1214 1437 1436 1514 lsrael,
1508 1442 1792 1500 sexcenta
1854 1436 2029 1498 millia
2091 1437 2391 1517 virorum,
2455 1443 2513 1498 et
2568 1437 2822 1499 tribuum

565 1543 939 1626 principibus
986 1543 1178 1624 sigilla
1226 1541 1518 1621 ostendit,
1578 1542 2022 1605 tabernaculum
2071 1542 2391 1604 testimonii
2436 1542 2702 1621 aperuit,
2766 1548 2822 1600 et

565 1647 779 1728 virgas
825 1647 1084 1726 protulit.
1173 1645 1246 1709 Et
1291 1648 1531 1709 inventa
1580 1653 1671 1709 est
1717 1647 1888 1729 virga
1927 1646 2183 1709 Aaronis
2228 1663 2349 1709 non
2398 1651 2620 1706 tantum
2669 1663 2822 1725 ger-

569 1748 867 1830 minasse,
916 1750 1023 1813 sed
1070 1757 1127 1813 et
1172 1752 1425 1814 fructum
1471 1751 1699 1814 ferens.
1761 1750 1977 1828 -Quid,
2026 1751 2259 1829 dilecti,
2314 1750 2487 1813 vobis
2534 1748 2822 1811 videtur?

568 1857 673 1918 An
719 1854 834 1917 hoc
882 1855 1138 1919 futurum
1198 1875 1320 1919 non
1383 1859 1788 1938 praesciverat
1836 1856 2129 1936 Moyses?
2219 1857 2472 1918 Maxime
2532 1864 2822 1928 noveram

569 1978 785 2023 verum
830 1979 909 2022 ne
955 1961 1168 2023 seditio
1215 1963 1274 2022 in
1321 1963 1542 2042 populo
1588 1959 1776 2021 Israel
1821 1960 2111 2037 oriretur,
2157 1959 2235 2020 ita
2284 1978 2351 2020 se
2398 1957 2665 2041 ‘²gessit,
2714 1956 2742 1996 ³
2770 1964 2826 2020 ut

571 2083 800 2127 nomen
860 2063 886 2100 ⁴
918 2064 1053 2124 veri
1115 2070 1175 2124 et
1229 2064 1432 2125 solius
1493 2064 1616 2124 Dei
1676 2048 2148 2144 glorificaretur,
2219 2064 2312 2126 cui
2376 2065 2452 2127 sit
2510 2066 2701 2147 gloria
2766 2068 2826 2124 in

573 2170 789 2234 secula
837 2168 1195 2230 seculorum.
1285 2165 1512 2229 Amenl

573 2359 782 2448 XLIV.
862 2357 1302 2438 Apostolorum
1350 2358 1685 2438 institutio,
1732 2378 1809 2420 ne
1856 2360 1933 2421 de
1971 2376 2223 2419 munere
2260 2357 2643 2419 sacerdotali
2678 2375 2830 2418 cori-

581 2463 783 2526 tentio
827 2463 957 2541 fiat.
1033 2462 1331 2544 Leqitime
1376 2464 1605 2526 electos
1655 2484 1733 2526 ac
1774 2471 1939 2527 recte
1984 2464 2260 2526 viventes
2306 2464 2383 2525 de
2423 2481 2675 2552 munere
2717 2480 2834 2524 suu

798 2577 804 2582 ’
1344 2586 1463 2646 per
1507 2570 1692 2649 nefas
1739 2568 2071 2649 dejecistis,

765 2687 1042 2769 Apostoli
1107 2707 1347 2768 quoque
1410 2692 1602 2752 nostri
1667 2710 1779 2772 per
1839 2690 2046 2753 Jesum
2110 2689 2404 2751 Christum
2468 2685 2494 2725 ⁵
2525 2686 2834 2751 Dominum

583 2800 858 2856 nostrum
920 2800 1370 2875 cognoverunt,
1432 2798 1876 2858 contentionem
1946 2793 2022 2854 de
2084 2789 2381 2855 ⁶nomine
2443 2791 2838 2872 Episcopatus

587 2897 988 2972 oborituram3
1038 2897 1113 2959 ob
1165 2915 1291 2959 eam
1343 2917 1492 2980 ergo
1538 2917 1795 2975 causam,
1842 2897 2108 2979 perfecta
2141 2898 2532 2977 praescientia
2568 2893 2838 2974 praediti,

586 3003 1023 3064 constituerunt
1071 2995 1095 3036 ⁷
1124 3002 1482 3085 praedictos,
1529 3022 1600 3065 ac
1632 2998 1962 3082 ⁸deincops
2009 2996 2489 3062 ⁹ordinationen1
2525 2999 2854 3076 dederunt,

587 3171 746 3213 πειτα,
786 3162 840 3204 ut
877 3153 986 3206 Act.
1020 3155 1105 3221 13,
1134 3156 1215 3208 42.
1256 3164 1308 3207 et
1346 3154 1496 3208 Barn.
1532 3155 1687 3223 Epist.
1755 3158 2083 3224 Versiiyun9‚
2129 3155 2272 3222 quasi
2311 3152 2539 3220 Apostoli
2574 3156 2632 3206 vi
2666 3162 2834 3206 testi:-

590 3256 635 3291 c.
678 3238 758 3290 10.
812 3245 927 3292 Jso.

661 3327 718 3389 9)
744 3322 992 3389 Ἐπινομῆ.
1017 3343 1046 3377 a
1072 3330 1201 3389 νίμω
1226 3328 1529 3391 derivatum,
1557 3329 1689 3395 apud

590 3414 826 3479 antiquos
873 3412 937 3463 de
978 3413 1094 3478 jure
1139 3420 1391 3483 pascendi
1426 3433 1482 3467 m
1520 3420 1691 3468 olicino

593 3509 643 3550 et
705 3501 770 3550 de
838 3501 1140 3567 depastione
1205 3506 1350 3571 iynis·
1421 3502 1692 3568 [Stephani

593 3582 772 3652 Thes]
814 3595 1096 3652 usurpatur.
1168 3587 1269 3639 sed
1312 3605 1408 3639 vox
1448 3592 1539 3639 ista
1582 3589 1690 3637 sor-

593 3682 729 3724 tasse
779 3676 927 3724 etiam
978 3689 1007 3722 a
1053 3669 1202 3734 νόμος
1245 3676 1464 3726 derivari
1504 3682 1690 3739 potest,

592 3762 657 3811 ita
682 3769 736 3810 ut
753 3770 1108 3828 praereptum,
1135 3763 1513 3814 ordinationem
1531 3762 1690 3827 signi-

592 3846 727 3896 ficet.
793 3848 1155 3900 llammondus
1183 3856 1234 3897 et
1270 3852 1540 3900 Wouonus
1567 3863 1691 3896 ver-

591 3938 790 3982 terunt:
824 3936 1038 3996 seriem,
1064 3936 1275 3986 modum
1298 3934 1688 3996 successionis,

495 4087 497 4090 Α
594 4033 660 4069 eo
690 4018 865 4081 innixi,
902 4018 1037 4085 quod
1063 4034 1165 4070 vox
1188 4015 1396 4082 ἓπινέμω
1422 4016 1693 4084 aliquando

590 4102 842 4171 significet
866 4104 1152 4171 καιαλέγειν,
1191 4106 1223 4154 i.
1252 4120 1297 4155 e.
1330 4107 1563 4173 cataloyo
1590 4107 1691 4156 ad-

591 4193 847 4245 scribere.
923 4194 1183 4259 Hesychia
1231 4189 1462 4252 ἒπίνομος
1505 4197 1582 4240 est
1621 4211 1691 4236 =

591 4271 896 4340 κληρονόμος,
936 4290 1038 4343 quo
1076 4275 1227 4327 fultus
1250 4279 1419 4329 Bothe
1453 4274 1692 4342 (Anfang.

1746 3249 1903 3294 metui
1951 3242 2301 3302 ordinassent,
2357 3241 2477 3305 ipsis
2526 3239 2838 3305 (ApostolisJ

1746 3328 1996 3377 defunctis
2062 3323 2171 3390 (ἷὰν
2236 3327 2552 3390 κοιμηθώσιν)
2619 3329 2838 3392 ipsorum

1747 3411 2154 3479 (Aposjolot'um)
2192 3429 2369 3462 munus
2409 3409 2519 3475 (YtJv
2550 3413 2838 3473 λειτουργίαι·

1746 3497 1948 3561 αὐτῶν),
1989 3498 2315 3565 presbyteros
2348 3507 2396 3549 et
2434 3499 2672 3546 diaconos
2703 3491 2838 3557 (sl-ru*

1745 3583 1902 3646 σκοπή
1935 3602 2085 3636 sensu
2123 3585 2309 3644 latiori)
2345 3582 2586 3649 eligendi,
2626 3579 2687 3628 ad
2715 3580 2838 3628 alius

1747 3672 1991 3737 probatos
2029 3680 2080 3722 et
2118 3672 2329 3722 eximios
2361 3672 2497 3719 viros
2532 3668 2591 3730 (i.
2621 3683 2666 3716 e.
2698 3670 2838 3732 Epi-

1746 3777 1941 3826 scopus·
1978 3766 2150 3807 nostro
2189 3758 2364 3814 sensu)
2392 3756 2604 3805 transire
2630 3752 2838 3804 debere,

1747 3849 1913 3897 Rome
1962 3846 2094 3894 enim
2143 3848 2398 3903 autumat,
2454 3843 2599 3893 brem·
2648 3846 2838 3888 tantum

1747 3939 1864 3981 ante
1903 3938 2113 3981 mortem
2144 3945 2284 3980 suam
2312 3924 2586 3993 Apostolos
2613 3922 2838 3973 ordint-m

1747 4016 2083 4083 Episcopatus
2128 4015 2437 4075 instituisse,
2490 4024 2639 4078 quum
2688 4016 2838 4056 antea

1746 4119 1847 4155 non
1887 4103 1980 4153 nisi
2016 4100 2301 4164 Presbyteri
2354 4100 2463 4165 (qui
2513 4104 2564 4147 et
2599 4092 2838 4158 Episcopi

1747 4188 2085 4254 vocabantur)
2155 4195 2206 4237 et
2270 4183 2482 4234 Diaconi
2546 4180 2838 4230 existerent.

1748 4275 1850 4326 Sed
1887 4275 1998 4326 viro
2037 4273 2188 4323 docto
2237 4268 2491 4319 accedere
2538 4263 2685 4316 nobis
2736 4253 2842 4308 nnn

589 4379 643 4431 P·
684 4361 790 4412 374
825 4363 926 4429 ΒΨ)
963 4361 1157 4413 reddit:
1210 4366 1697 4417 autumentur-iselae
1746 4361 1920 4426 lubet,
1971 4364 2028 4410 ut
2075 4374 2138 4409 ex
2184 4362 2358 4408 nostra
2405 4349 2639 4407 'versione
2683 4344 2846 4396 latinu

697 4466 832 4506 rnre·
857 4470 983 4516 apo-t.
1011 4464 1088 4504 nd.
1118 4465 1186 4505 iv.
1721 4478 1755 4531 g
2384 4441 2427 4506 8
2797 4452 3211 4664 rx
