3659 5209
337 552 368 609 s.
390 549 549 643 ruunrun·
787 551 1043 626 rrouuoouunn.
1446 561 1478 615 n

411 711 473 800 b)
501 714 567 778 Nec
595 713 723 778 absurde
745 714 877 798 lgnatius
904 715 1084 780 aRomanis
1113 722 1252 799 precatus
1284 726 1345 800 est,
1377 725 1409 783 ut
1438 722 1476 785 ab

336 823 427 887 omni
450 829 569 901 conatu,
593 822 687 904 ipsum
709 822 864 900 liberandi,
888 821 1081 885 abstinerent
1119 821 1186 885 llos
1208 823 1285 885 enim
1305 832 1369 889 erut
1384 826 1476 890 Chri·

338 928 527 1005 stianorum,
557 931 685 1007 tanturn,
716 933 855 1008 quantum
884 933 1038 1009 poterant,
1067 928 1136 1006 niti,
1167 933 1199 990 ut
1222 927 1329 992 iratres
1352 938 1476 1013 propter

340 1031 442 1095 lidem-
461 1037 565 1112 captos.
584 1038 618 1093 et
637 1031 789 1097 damnatos
812 1032 992 1113 liberarent,
1025 1031 1105 1113 quod
1138 1032 1280 1095 discimus
1312 1053 1351 1098 ex
1374 1034 1475 1100 Const

339 1138 453 1218 Apost
471 1134 529 1200 lV..
545 1137 574 1214 §.
598 1131 627 1198 9.
650 1136 684 1198 V.
708 1137 759 1215 §§.
787 1134 813 1200 1.
838 1136 885 1217 2.,
917 1157 956 1200 ex
976 1137 1099 1201 Luciani
1121 1138 1288 1220 Peregrino
1311 1140 1340 1217 §.
1368 1136 1425 1219 12,
1448 1149 1477 1204 et

338 1260 384 1304 ex
400 1240 531 1304 'Eusebii
553 1241 626 1303 Hist.
651 1242 723 1303 ec‘cl.
748 1241 801 1320 vt,
825 1240 877 1306 40.
896 1238 935 1325 ¹).
980 1242 1089 1305 Noturn
1113 1260 1204 1323 porro
1229 1251 1290 1322 est,
1314 1244 1376 1325 jum
1399 1250 1478 1306 tern-

335 1362 421 1428 pore
444 1345 527 1408 Pauli
550 1345 689 1427 ‘Apostoli
709 1339 741 1411 ἐν
762 1338 928 1432 Καίσαρος
950 1338 1033 1430 οἰκίᾳ
1063 1346 1157 1410 luisse
1187 1346 1291 1410 fideles
1299 1368 1310 1424 ;
1343 1356 1479 1430 tempore

335 1459 445 1515 autem
468 1450 628 1513 Domitiani
651 1450 829 1514 Domitillam
853 1458 883 1514 et
905 1451 1105 1531 Clementem,
1135 1470 1175 1515 ex
1198 1451 1306 1514 familia
1331 1451 1479 1532 Caesaris,

335 1555 578 1620 christianorum
599 1573 686 1619 sacra
709 1563 830 1620 secutos
853 1574 932 1636 esse,
956 1558 1048 1620 innuit
1067 1558 1237 1622 Suetonius.
1275 1556 1477 1620 Romanorum

336 1661 479 1741 denique
502 1661 726 1753 magistratuum
750 1680 864 1725 sacram
888 1664 952 1729 auri
977 1662 1081 1725 tamem
1112 1680 1200 1724 uerno
1227 1664 1331 1725 nescit.
1377 1661 1478 1725 Facile

335 1765 447 1846 itaque
470 1771 520 1826 aut
543 1767 684 1847 pecunia,
716 1772 767 1829 aut
790 1767 877 1846 dolo,
909 1773 959 1831 aut
980 1767 1037 1831 aliu
1060 1766 1185 1849 quadarn
1213 1768 1346 1843 ratione,
1374 1766 1478 1829 fideles

335 1869 456 1952 aliquid
480 1872 509 1932 in
533 1870 668 1934 savorem
685 1872 788 1954 ignatii
804 1873 900 1936 moliri
917 1878 1063 1953 poterant.
1110 1871 1176 1934 Alio
1197 1870 1286 1934 modo
1304 1871 1475 1935 Ulilbornus

335 1974 380 2059 (l.
400 1994 426 2037 c.
445 1993 473 2056 p.
490 1971 572 2057 266)
596 1978 796 2058 objectionem
812 1976 911 2038 Baurii
934 1983 964 2063 et
986 1975 1110 2038 ultorum
1127 1993 1167 2036 ex
1183 1975 1306 2056 epistola
1323 1974 1352 2038 S.
1367 1974 1476 2058 Ignatii
1532 1968 1534 1973 ’

334 2080 380 2144 ud
417 2079 570 2141 lto'munos
605 2081 767 2143 desumtum
801 2085 945 2142 removet.
991 2077 1021 2142 Si
1055 2078 1133 2140 enim
1165 2078 1317 2160 ignatius,
1354 2084 1386 2140 ut
1418 2080 1477 2159 ipsi

335 2185 479 2260 videtur,
500 2200 560 2245 non
583 2183 620 2245 ab
643 2185 823 2265 imperatore
840 2184 917 2264 ipso,
940 2183 993 2246 sed
1008 2203 1025 2246 a
1041 2182 1224 2264 proconsule
1240 2182 1306 2263 eJus
1325 2180 1477 2246 damnatus

336 2296 374 2353 et
407 2287 531 2350 Romam
561 2287 670 2355 missus
701 2287 815 2368 luerat,
847 2287 992 2351 fideles'
983 2307 1014 2351 m
1044 2287 1125 2350 Urbe
1159 2286 1305 2368 degentes
1336 2287 1478 2377 perfacile

337 2391 459 2473 aliquid
494 2391 530 2453 ad
561 2411 639 2455 eum
651 2378 834 2456 liberandum
861 2392 974 2477 moliri,
1007 2391 1183 2476 praesertim
1210 2390 1247 2454 ad
1271 2390 1478 2499 imperatorem

339 2496 499 2581 appellare
521 2503 667 2579 poterant,
690 2498 778 2561 immo
802 2499 867 2580 ipso
893 2496 1029 2565 damnato
1053 2497 1181 2560 uolente

435 2598 464 2684 )
487 2600 670 2684 ignatium
661 2624 690 2668 ru
717 2604 914 2667 Occidentem
943 2604 1112 2685 protectum
1140 2620 1227 2680 esse,
1258 2619 1298 2664 ex
1323 2600 1423 2663 verbis
1446 2602 1476 2668 S.

340 2706 505 2789 Polycarpi
524 2712 627 2788 patet·
659 2709 762 2791 Capite
785 2709 861 2772 euim
885 2708 950 2770 Xlll
969 2707 1022 2789 Ep.
1046 2707 1083 2769 ad
1104 2706 1308 2788 Philippenses
1330 2705 1476 2789 legimus:

341 2812 413 2891 „Et
428 2808 704 2892 de,ipso'lpnotio,
728 2821 758 2876 et
779 2815 817 2876 de
840 2815 900 2891 his,
924 2814 977 2893 qai
998 2832 1122 2876 comeo
1144 2820 1229 2889 suot,
1254 2812 1338 2893 quod
1361 2812 1477 2873 certius

340 2917 559 3001 opnoueritis,
597 2919 804 2998 siqnificote.“
849 2918 964 2993 Quodsi
1001 2925 1098 2993 autem
1131 2917 1264 2999 lgnatius
1298 2913 1477 2977 Antiochiae

341 3023 557 3102 remansisset,
573 3040 631 3086 nec
654 3023 681 3083 in
696 3022 898 3085 Occidentem
922 3022 1062 3101 venisset,
1085 3023 1166 3086 nullo
1189 3020 1277 3084 modo
1294 3021 1476 3102 Polycarpus

342 3126 539 3210 Smyroensis
562 3128 655 3190 verbu
679 3127 726 3189 illa
749 3125 786 3188 ad
803 3126 1009 3208 Philippenses
1032 3126 1213 3209 scripsisset,
1237 3123 1421 3206 quodiaoile
1436 3145 1477 3188 ex

345 3234 410 3297 situ
431 3232 565 3295 locorum
589 3231 818 3294 demonstratur.
906 3248 909 3254 *

433 3334 550 3400 Roma·
558 3337 649 3398 Θ
676 3337 706 3396 Θ
731 3336 912 3417 Philippi..
930 3336 991 3399 ,Θ
1015 3335 1199 3419 Smyrna..
1216 3334 1280 3397 ,Θ
1307 3333 1476 3411 Antiochia,

344 3442 446 3506 Nemo
469 3459 543 3503 sane
566 3441 795 3522 Smyrnaeorum
817 3440 1021 3522 Philippenses
1042 3443 1151 3519 adibit,
1179 3445 1211 3503 ut
1233 3440 1343 3502 certior
1365 3440 1416 3502 liat
1438 3438 1478 3500 de

345 3549 398 3627 iis,
422 3560 500 3628 quac
515 3546 690 3610 Antiochiae
713 3553 858 3629 gerantur
865 3567 875 3623 3
900 3547 979 3610 bene
994 3553 1092 3608 auteur
1108 3562 1185 3625 quae
1200 3543 1311 3607 Romae
1329 3543 1477 3621 eveniant,

345 3671 366 3716 a
390 3641 629 3733 Philippensibus
648 3651 771 3714 edoceri
792 3651 912 3732 poterit.

439 3753 651 3838 h)···lgnatium
684 3755 720 3820 ad
750 3754 867 3817 bestias
900 3753 1067 3816 damnatum
1097 3769 1184 3829 esse,
1215 3750 1247 3813 S.
1277 3750 1428 3812 irenaeus
1444 3745 1477 3831 ²)

345 3867 485 3928 testatur.
529 3855 581 3934 Ὡς
602 3848 676 3923 εἶπέ
698 3879 748 3933 τις
770 3856 888 3938 ccdvp
856 3851 1015 3943 ημετέρων
1037 3847 1092 3919 δια
1114 3848 1168 3972 Ιτήν
1189 3846 1273 3939 πρὸς
1294 3847 1375 3918 &adv
1395 3873 1476 3936 μαρ-

344 3961 461 4056 appion
482 3958 758 4047 κατακριθεὶς
787 3953 894 4047 πρὸς
915 3957 1062 4045 θηρία·
1090 3951 1162 4037 ,ὅτι
1184 3948 1272 4030 σῖτός
1293 3951 1359 4038 εἰμι
1384 3953 1478 4029 Θεοῦ,

345 4068 403 4137 καὶ
426 4060 469 4135 dt’
491 4056 626 4133 dodam
647 4062 772 4153 θηρίων
792 4057 1002 4151 αλήθομαῌ
987 4087 1038 4130 ινα
1051 4055 1196 4152 καθαρός
1210 4058 1307 4148 ἄρτος
1321 4056 1478 4146 εὑρεθῶΘ

346 4226 477 4295 temporie
495 4222 651 4291 longitudine
669 4223 716 4274 viri
734 4223 900 4275 constantiam
929 4223 1026 4291 lpnotie'
1042 4219 1074 4271 ad
1092 4219 1165 4272 llom.

347 4313 530 4368 lubelaeturet.
638 4339 641 4345 ,
963 4307 992 4368 2)
1010 4303 1075 4356 Λᾶν
1089 4302 1257 4369 hner.V,28.
1286 4297 1476 4370 spatiumst

388 4401 549 4470 spectator.
577 4397 609 4451 ad
637 4412 659 4450 c.
681 4396 694 4449 1
719 4393 863 4464 Eputolue
860 4399 901 4452 Θ
929 4393 993 4447 llist.
1012 4391 1078 4445 eccl.
1093 4391 1140 4458 111,
1158 4389 1201 4443 36.
