3659 5209
433 575 509 631 exn
691 637 695 643 .
867 568 1121 654 aroraoormnn
1363 565 1561 641 [sarsromr

435 741 505 802 dicit
536 740 747 801 Petermannus
781 751 809 815 p.
844 731 938 795 XXlV
972 735 1001 792 et
1031 728 1142 808 XXVI,
1176 727 1372 793 Armeniacae
1408 731 1560 793 versionis

434 849 546 906 textum
571 841 744 923 originalem
763 857 824 903 non
841 838 918 899 hanc
932 834 1082 917 Syriacam
1096 833 1266 896 versionem
1287 851 1366 911 esse,
1391 833 1450 897 sed
1477 834 1560 897 aliam

435 948 530 1010 eidem
559 947 747 1009 simillimam:
777 939 1013 1023 respondemus,
1044 956 1083 999 no
1112 937 1170 999 hoc
1201 936 1318 1018 quidem
1342 940 1434 1001 stetui
1459 957 1559 1020 posse,

435 1071 522 1133 quum
542 1053 574 1115 in
598 1050 725 1132 singulis
746 1048 871 1110 vocibus
894 1043 1055 1107 reddendis
1079 1042 1182 1104 mirum
1205 1042 1235 1104 in
1257 1041 1376 1104 modum
1413 1060 1486 1105 cum
1517 1043 1559 1105 illa

433 1150 596 1238 congruat,
629 1153 659 1216 id
689 1151 768 1234 quod
798 1167 869 1211 casu
901 1148 965 1210 lieri
995 1147 1131 1227 potuisse
1160 1163 1285 1225 prorsus
1312 1163 1405 1228 nego.
1453 1147 1557 1210 Versio

433 1260 521 1341 igitur
544 1259 593 1321 illa
617 1257 739 1340 Syriaca
762 1272 822 1316 non
852 1259 914 1314 tres
944 1257 1068 1327 tantum,
1101 1249 1155 1311 sed
1185 1250 1327 1311 tredecim
1359 1250 1513 1330 epistolas
1533 1252 1556 1314 S.

431 1362 545 1445 lg'matio
569 1361 750 1441 adscriptas,
781 1374 893 1436 easque
916 1373 976 1419 non
1000 1354 1167 1416 decurtatos
1197 1351 1249 1436 (ut
1271 1353 1348 1435 apud
1372 1353 1556 1417 Curetonun

431 1461 607 1548 leguntur),
635 1462 689 1525 sed
712 1463 752 1524 ita
776 1448 977 1540 comparatas,
1008 1463 1041 1520 ut
1062 1458 1173 1520 Noster
1201 1474 1252 1519 eas
1276 1456 1373 1536 dedit,
1406 1459 1445 1519 ab
1480 1460 1555 1522 initio
1589 1544 1592 1555 Ι

432 1567 695 1648 complectebatur,
718 1564 758 1626 ita
776 1569 807 1626 ut
828 1561 938 1625 exinde
962 1568 1111 1642 appareat,
1135 1561 1354 1641 conclusiones,
1379 1580 1461 1642 quas
1480 1563 1561 1626 Bur·-

431 1673 534 1736 senius
558 1669 720 1734 secundum
742 1668 820 1731 illam
844 1667 958 1745 lecerit,
981 1673 1061 1727 stare
1083 1683 1144 1728 non
1167 1665 1288 1747 posse.“

518 1776 713 1837 Petermauno
736 1771 889 1854 respondit
905 1771 1072 1833 Bunsenius
1090 1771 1191 1833 verbis
1211 1769 1359 1851 superbis,
1385 1788 1450 1835 non
1471 1771 1554 1834 firmis

432 1878 631 1960 argumentis,
663 1877 693 1939 in
717 1895 826 1958 opere:
853 1874 1047 1955 ,Hippolytus
1068 1874 1128 1936 und
1152 1874 1237 1936 seine
1259 1874 1323 1936 Zeit
1348 1872 1459 1939 1852“
1486 1878 1517 1939 T.
1537 1876 1552 1937 l

432 2001 460 2063 p.
483 1978 525 2044 46
549 1989 579 2044 et
602 1982 634 2043 T.
657 1981 689 2044 ll.
713 2000 741 2062 p.
763 1980 813 2043 Vll
835 1997 900 2059 sqq.
946 1977 978 2040 ln
1010 1985 1110 2058 partes
1139 1979 1204 2060 ejus
1236 1987 1266 2040 et
1288 1978 1436 2042 Curetoni
1463 1981 1553 2043 ierunt

432 2086 484 2148 Dr.
506 2086 625 2149 streete
652 2082 728 2168 (Die
750 2085 935 2165 Entstehung
965 2075 1022 2145 der'
1049 2081 1292 2145 altkatholisclren
1314 2082 1448 2162 llirche,
1473 2085 1552 2146 Bona

309 2156 322 2175 ’
384 2245 389 2257 ,
435 2185 526 2254 1850.
551 2208 598 2271 ρρ.
615 2188 688 2255 418.
703 2189 766 2253 577
783 2187 868 2270 sqq.)
890 2194 920 2249 et
934 2187 994 2249 lio.
1016 2187 1113 2248 Weiss
1128 2185 1177 2269 (in
1193 2185 1329 2249 Reuter’s
1344 2186 1552 2268 Repertorlum

381 2280 385 2299 ¹
435 2291 556 2378 1852);
587 2295 677 2359 multo
706 2312 781 2357 vero
811 2293 913 2375 plures
943 2291 999 2352 viri
1022 2290 1101 2353 docti
1124 2290 1314 2371 Syrolatriam
1341 2308 1453 2355 eorum
1478 2295 1551 2356 ritu·

429 2404 588 2479 perurunt,
621 2401 725 2481 partim
758 2405 868 2461 textum
904 2395 1014 2458 codicis
1044 2396 1171 2458 Medicei
1202 2394 1420 2476 defendentes,
1457 2399 1552 2481 partim

430 2509 559 2564 cunctas
593 2504 734 2584 epistolas
767 2502 882 2585 lgnatio
917 2498 1080 2580 adscriptas
1113 2497 1172 2583 τῆς
1202 2493 1333 2573 νοθείας
1368 2511 1551 2566 accusantes.

427 2603 509 2666 Inter
531 2606 597 2684 hos,
620 2608 671 2687 qui
694 2625 732 2668 ne
755 2605 819 2669 illas
836 2604 953 2686 quidem
971 2612 1031 2668 tres
1047 2608 1197 2687 epistolas,
1220 2624 1294 2687 quas
1310 2608 1406 2688 Syrus
1424 2611 1551 2686 exhibet,

429 2708 543 2792 lgnatio
568 2711 738 2774 tribuendas
762 2716 873 2791 putant,
896 2711 947 2772 Dr.
971 2711 1010 2772 de
1033 2710 1120 2773 Bonr
1142 2712 1341 2793 l'ubingensis
1366 2710 1448 2796 (Die
1471 2714 1553 2797 lgna·

429 2812 592 2876 tianischen
617 2807 715 2877 Briele
745 2815 804 2877 und
834 2815 880 2879 ihr
909 2822 1052 2879 neuester
1073 2815 1211 2878 llritilrer.
1256 2816 1331 2879 Eine
1360 2817 1553 2881 Streitschn'lt

430 2936 530 3000 gegen
553 2919 649 2981 Herrn
672 2918 801 2982 Bunsen.
833 2919 958 3002 Tiibing.
984 2916 1105 3003 1848),
1128 2926 1158 2981 et
1181 2919 1230 2981 Dr.
1253 2919 1461 3000 llilpcnfcld,
1486 2924 1552 2985 Pro·

429 3019 528 3084 lassor
549 3022 688 3085 lenensis
712 3021 786 3106 (Die
808 3024 933 3103 apostol.
957 3025 1055 3088 vater.
1089 3024 1173 3087 llalle
1203 3021 1296 3087 1853.
1318 3043 1355 3107 .p.
1383 3024 1452 3091 188
1476 3023 1551 3109 sqq.)

430 3126 577 3202 eminent3
616 3127 792 3189 authentiam
830 3146 903 3190 vero
938 3137 1053 3211 septem
1091 3130 1283 3210 epistolarum
1316 3127 1448 3211 Ignatii,
1487 3145 1551 3221 quas

430 3228 552 3291 codices
569 3229 719 3292 Mediceus
742 3236 770 3292 et
785 3231 960 3294 Parisiensis
984 3231 1058 3316 (cfr.
1082 3217 1170 3314 supra
1194 3252 1221 3314 p.
1237 3232 1324 3295 XLVI
1348 3252 1378 3296 n.
1397 3234 1461 3318 lll)
1485 3253 1552 3299 con·

429 3334 532 3411 tinent,
556 3335 664 3396 acriter
689 3333 886 3398 defenderunt
908 3337 960 3400 Dr.
983 3337 1172 3418 Denzinper,
1198 3337 1358 3400 Professor
1380 3339 1551 3423 llerbipoli·

429 3428 525 3515 tanus,
548 3437 576 3498 in
601 3437 692 3501 libro:
717 3440 836 3519 ,Ueber
859 3440 907 3503 die
923 3440 1081 3504 Aechtlreit
1104 3441 1157 3504 des
1180 3441 1353 3524 bislrerigen
1371 3445 1493 3509 'lextes
1508 3445 1551 3506 der

428 3541 521 3622 lgnat.
534 3541 642 3622 Briefe,
658 3544 830 3627 Witrzburg
848 3543 951 3610 18d9“
970 3553 999 3607 et
1018 3546 1176 3608 Gerordos
1196 3545 1333 3608 lllelltore
1350 3546 1551 3634 Gdttingensis

428 3631 459 3706 in
474 3643 622 3727 Niedaer,
646 3648 813 3712 Zeitsclrrilt
836 3649 883 3712 sur
903 3649 951 3712 die
969 3650 1072 3712 histor.
1089 3649 1256 3733 Theologie
1275 3649 1368 3716 1851.
1386 3653 1422 3717 Τ.
1442 3651 1551 3736 XXl.¹)

429 3871 600 3938 Belauptnnp
632 3875 796 3934 demontrat,
833 3876 898 3927 dass
928 3877 977 3928 das
1007 3876 1209 3946 Ueterseupunp
1234 3877 1477 3935 anwideratetticlr
1495 3881 1550 3934 tt·-

429 3956 601 4010 Armeniosne
617 3961 689 4012 m‘cllt
706 3978 758 4013 aare
777 3963 833 4013 dam
852 3964 976 4015 Griccdi-
1004 3965 1083 4029 pelen
1100 3961 1211 4016 muss.“

429 4045 525 4109 aeden,
546 4047 660 4097 eundern
679 4051 747 4100 noct
765 4050 821 4100 dem
832 4050 978 4116 Syriecleu
1042 4047 1068 4110 1)
1095 4046 1134 4098 lie
1161 4049 1294 4116 perspicua
1323 4055 1351 4100 et
1381 4050 1456 4106 darn
1483 4068 1552 4122 arga·

428 4131 545 4195 pemacltt
557 4133 605 4182 aei.
634 4134 683 4185 lile
696 4132 825 4196 Bewar'se,
839 4137 937 4203 rcelctrc
949 4151 979 4187 er
1005 4136 1158 4186 mentatione
1173 4134 1329 4205 Denzingeri
1345 4138 1401 4204 jam
1424 4143 1451 4194 in
1470 4141 1552 4211 Epire·

428 4215 551 4267 dicrdter
567 4220 688 4286 anfdlrt,
710 4221 774 4272 sind
790 4236 822 4272 so
840 4222 976 4273 cntaclrei-
1005 4221 1141 4272 meridibus
1159 4224 1266 4274 nostris:
1293 4228 1434 4297 liidinyea·
1452 4233 1552 4298 tholey.

429 4300 510 4369 decad,
536 4303 602 4355 dosa
623 4305 702 4369 jeder
726 4307 773 4358 der
794 4309 978 4360 annoniaclraa
1004 4311 1231 4377 Quartalactrript,
1266 4309 1342 4362 reta.
1372 4329 1399 4382 p.
1428 4317 1482 4369 687
1504 4329 1551 4386 sqq.

428 4387 547 4457 Spraclre
578 4391 702 4462 'Kendtpc
741 4393 801 4446 siclt
841 4395 978 4448 der-selles
1004 4393 1083 4446 verba
1102 4393 1217 4448 lecimus.
1359 4414 1363 4419 ¹
