3659 5209
675 572 694 625 r.
713 568 896 624 eununnrrs
915 571 961 624 nn
981 571 1054 626 eon.
1072 570 1115 624 ru.
1134 573 1165 626 v.
1438 575 1480 640 59

391 750 447 793 eos
472 733 515 794 od
538 730 632 793 Cain:
655 750 751 811 quare
774 731 872 792 tristis
893 729 1000 807 foetos
1023 751 1073 809 es,
1096 739 1126 794 et
1147 751 1244 812 poure
1261 733 1396 794 concidit
1409 733 1479 794 oot-

393 855 411 896 s
436 837 532 897 tuos?
581 834 719 912 'Nounq
743 837 772 898 si
795 844 877 896 reolo
901 833 1027 914 offerus,
1052 855 1114 899 non
1131 844 1231 898 eutem
1246 845 1328 898 recte
1343 838 1478 915 dividas,

381 942 527 1001 eooosts'?
573 940 713 1015 Quiesce,
739 938 803 1002 ριιιί
824 948 851 1000 te
875 942 1044 1002 reuertitur
1068 943 1186 1003 donum
1210 948 1303 1016 tuom,
1330 938 1387 1002 ³et
1410 949 1479 1003 tuae

384 1063 472 1106 erum
495 1046 554 1105 erit
571 1045 746 1122 potestatis.
792 1044 833 1104 Et
855 1044 941 1105 dixit
965 1044 1044 1106 Cain
1069 1048 1112 1108 ad
1135 1044 1213 1107 Aoet
1232 1043 1363 1122 fratrem
1377 1063 1479 1107 mum:

360 1155 556 1210 transeamus
579 1151 611 1210 io
634 1168 782 1226 eampum.
819 1146 992 1225 Eisoctum
1014 1159 1070 1226 est,
1095 1150 1166 1210 dom
1189 1156 1293 1209 essent
1308 1149 1341 1209 in
1360 1167 1479 1226 compo,

359 1255 503 1314 surremit
527 1253 606 1314 Cain
628 1273 723 1330 super
746 1252 824 1313 Abel
844 1251 977 1329 fratrem
997 1274 1096 1330 suum,
1122 1263 1151 1314 et
1166 1254 1285 1315 occidit
1306 1271 1382 1314 eom.
1428 1253 1481 1313 vi-

362 1357 448 1436 dens,
473 1358 589 1435 iratreS,
612 1364 735 1438 propter
757 1357 853 1418 zelum
878 1363 907 1417 et
929 1357 1066 1419 invidiam
1090 1356 1282 1421 fratricidium
1309 1353 1482 1417 ‘commis-

355 1469 434 1524 sum
481 1460 640 1544 ⁵Propter
667 1462 763 1524 zelum
795 1470 881 1542 pater
911 1469 1016 1524 noster
1038 1461 1133 1524 Jacob
1165 1479 1182 1522 s
1213 1460 1290 1522 lacis
1314 1460 1412 1521 iratris
1435 1460 1481 1521 sui

360 1565 441 1628 Esau
464 1566 585 1648 aufugit.
624 1562 734 1628 ⁶Zelus
758 1565 865 1645 effecit,
888 1574 920 1630 ut
941 1567 1054 1648 loseph
1078 1567 1113 1629 ad
1139 1554 1381 1645 monemusque
1404 1584 1481 1627 exa-

360 1671 522 1752 gitaretur,
553 1677 581 1731 et
612 1687 706 1750 usque
738 1671 773 1732 ad
804 1672 976 1734 servitutem
1011 1671 1176 1734 accederet.
1226 1665 1342 1731 ⁷Zelus
1366 1669 1479 1731 Mosem

360 1793 376 1836 a
402 1773 479 1836 iacis
503 1775 662 1836 Pharaonis
686 1777 767 1858 regis
790 1774 920 1856 Ae'gqpti
943 1776 1051 1857 sugere
1074 1776 1232 1856 compulit,
1260 1793 1327 1836 eum
1350 1772 1480 1854 popula-

359 1895 423 1938 rem
448 1896 532 1941 suum
558 1879 702 1940 dicentem
727 1880 856 1940 erudiret:
890 1881 961 1958 quis
990 1889 1018 1941 te
1052 1880 1213 1941 constituit
1243 1878 1395 1940 ardunum
1426 1882 1482 1936 out

351 1983 496 2060 judicem
518 1971 611 2062 super
634 1985 715 2044 nos?
760 1983 917 2061 Numquid
941 1991 973 2042 to
995 1984 1044 2042 vis
1068 2000 1114 2040 me
1137 1981 1297 2058 occidere,
1319 1981 1479 2060 quemod-

355 2088 485 2150 modom
513 2086 658 2147 occidisti
689 2085 756 2144 lueri
780 2084 991 2166 Aeqpptiom?
1034 2079 1187 2165 8Propter
1217 2085 1313 2146 zelum
1338 2086 1420 2147 Aron
1450 2091 1480 2146 et

355 2189 484 2252 Mariam
517 2195 600 2250 extra
624 2194 718 2249 castra
748 2190 884 2251 stabulati
907 2195 983 2251 sunt.
1029 2182 1148 2249 ⁹Zelus
1172 2186 1283 2249 Dathan
1314 2196 1341 2248 et
1366 2189 1479 2250 Abiron

352 2293 451 2355 vivos
474 2290 510 2351 ad
534 2291 646 2353 inferos
661 2290 813 2370 detrusit,
837 2292 915 2374 qood
940 2310 1005 2355 cum
1028 2293 1113 2354 Mose
1128 2291 1182 2352 Dei
1206 2290 1314 2352 famulo
1337 2291 1479 2351 seditiose

354 2394 589 2458 contenderent.
642 2391 667 2431 ¹⁰
682 2397 806 2476 Propter
834 2399 934 2460 uelum
957 2396 1052 2459 David
1077 2413 1137 2456 non
1162 2401 1271 2457 tantum
1295 2393 1481 2473 alienigena-

354 2517 425 2563 rum
450 2498 586 2560 invidiam
611 2501 763 2579 sustinuit,
798 2501 850 2564 sed
887 2521 990 2585 regem
1024 2502 1110 2564 etiam
1134 2499 1203 2565 Saul
1234 2502 1480 2580 persequutorum

353 2610 505 2682 expertus
529 2609 582 2664 est.

351 2899 397 2967 V,-
437 2898 507 2960 Non
529 2900 653 2961 minora
676 2900 856 2963 novissimis
878 2900 1067 2979 temporibus
1098 2902 1170 2963 inde
1194 2909 1266 2965 ortu
1288 2906 1363 2962 sorel
1384 2899 1476 2961 mulo.

687 3003 771 3064 Petri
794 3011 823 3066 el
842 3005 933 3066 Pauli
956 3007 1146 3086 martyrium.

446 3123 503 3188 Sed
529 3131 561 3186 ut
582 3132 685 3187 vetera
710 3127 844 3207 exempla
867 3122 1089 3207 relinquamus,
1118 3126 1153 3189 ad
1176 3126 1328 3207 proximos
1351 3125 1479 3188 nllrlotas·

348 3229 519 3292 veniamus.
557 3229 655 3294 Seeuli
672 3231 767 3292 nostri
788 3249 938 3312 generosa
955 3231 1089 3312 exempla
1105 3248 1313 3312 proponamus.
1351 3231 1476 3311 Propter

348 3333 466 3397 uelum:
479 3338 509 3393 et
531 3332 680 3413 invidiam,
704 3336 753 3414 qui
780 3333 800 3372 ¹¹
814 3337 960 3400 maximas
972 3342 1005 3399 et
1017 3337 1200 3420 justissimae
1215 3336 1360 3400 ecclesiae
1380 3333 1403 3373 '²
1415 3353 1474 3398 co-

347 3606 429 3659 αὐτοῦ
460 3631 495 3657 =
528 3609 568 3661 du·
590 3610 661 3663 sollst
691 3611 749 3663 dich
786 3629 818 3664 an
847 3612 898 3664 ihm
961 3615 990 3680 7)
1008 3613 1089 3668 Exod.
1109 3615 1135 3680 2,
1156 3616 1197 3665 11.

347 3697 422 3751 nicht
450 3697 595 3771 vsrgrpiien
627 3721 662 3745 =
696 3698 811 3754 maistas
841 3719 899 3755 sum
960 3701 991 3768 8)
1011 3702 1081 3753 llum.
1103 3702 1144 3765 12,
1164 3700 1205 3754 11.
1226 3702 1267 3755 15,

344 3787 485 3856 paresque.
578 3802 581 3807 ⁴
677 3792 699 3814 -’
748 3814 751 3821 ·
961 3788 989 3851 a)
1008 3774 1080 3840 nura.
1102 3789 1142 3852 so,
1163 3787 1204 3840 ss.
1230 3842 1260 3855 „
1374 3849 1378 3857 .

385 3871 415 3936 4)
437 3871 555 3939 111111,
581 3880 645 3924 leste
663 3872 823 3940 Jacobsono,
849 3888 899 3927 non
946 3874 990 3939 10)
1009 3873 1096 3942 llleg.
1112 3858 1250 3946 l8,8sqq.
1288 3874 1393 3927 Φθόνον
1411 3872 1477 3940 ἔχειν

346 3954 553 4023 κατειργάσαντο,
581 3959 647 4028 quod
672 3968 730 4026 post
753 3958 899 4038 Wottonum
927 3984 961 4012 =
988 3964 1118 4030 insideri,
1150 3963 1248 4030 phrasis
1275 3965 1342 4034 beno
1370 3975 1473 4029 gracco·

346 4045 421 4098 dedit
442 4043 593 4096 Gallaudius.
808 4048 811 4054 ’
889 4064 892 4069 ¹
929 4051 1033 4104 Cunaro.
1140 4073 1144 4078 ·
1388 4049 1391 4054 ’

383 4131 414 4192 5)
437 4129 499 4182 Gan.
514 4131 557 4196 27,
570 4132 600 4183 41
617 4148 672 4201 sqq.
703 4132 747 4184 lls,
761 4135 786 4184 in
800 4120 899 4187 casibus
947 4135 991 4199 11)
1010 4134 1048 4187 lta
1058 4134 1224 4207 Jsopbsonus.
1246 4136 1334 4188 Junius
1344 4128 1474 4198 supplevit

343 4216 460 4285 obliquis
475 4216 623 4286 plerumque
637 4218 738 4270 exhibet
751 4219 817 4281 ζῆλος
832 4228 899 4273 ne'u·
928 4220 1060 4288 [ἐκκλησίας
1077 4221 1186 4288 mJorot,
1210 4222 1282 4287 cujus
1301 4216 1474 4289 eqojsetur'am

340 4303 456 4357 tristiter.
484 4307 575 4356 Worr.
719 4320 724 4325 ·
788 4338 796 4347 --
928 4308 1009 4361 secuti
1030 4317 1088 4360 sunt
1106 4309 1218 4359 editores
1236 4322 1331 4358 omues.
1393 4320 1398 4324 ·

381 4392 412 4459 6)
434 4387 498 4447 Gen.
518 4389 559 4443 37.
947 4395 995 4465 12)
1014 4390 1064 4446 Cir.
1084 4393 1165 4445 Galsa·
1183 4393 1209 4456 2,
1228 4391 1254 4444 9.
1336 4410 1339 4419 “
