3659 5209
253 584 255 591 ,
351 564 394 630 32
683 556 702 611 1.
722 554 903 610 CLEMENTIS
922 556 967 609 ΔΙ)
987 554 1061 611 0011.
1079 555 1133 611 XX.

349 811 413 874 XX.
448 809 556 871 Pacem
579 813 609 867 ct
632 806 833 868 concordiam
857 804 960 866 aDeo
985 805 1097 882 amari,
1120 804 1292 867 harmonia
1316 804 1425 864 mundi
1443 812 1465 865 τί

349 917 427 978 crdo
448 920 579 975 caturae
598 910 792 972 demonstrat
797 928 809 981 ;
832 908 915 967 υνδε
935 909 1029 970 multa
1048 910 1138 971 nobis
1153 906 1300 985 adfluunt
1316 908 1464 987 beneficia.

439 1030 479 1098 Οἱ
500 1028 632 1118 οὐρανοί
650 1033 691 1115 τῇ
711 1026 865 1118 διοικήσει
880 1025 982 1092 αὐτοῦ
996 1028 1200 1109 σαλευόμενοι
1215 1026 1251 1092 ἐν
1265 1024 1380 1116 εἰρήνη
1395 1025 1463 1092 όπο-

348 1135 517 1204 τόσσονται
540 1131 643 1218 αὐτῷ·
670 1129 773 1220 ἡμέρα
795 1130 904 1195 τεκαὶ
927 1129 983 1208 νόξ
1004 1129 1060 1196 τόν
1081 1128 1272 1217 τεταγμένον
1296 1130 1357 1197 ἀπ’
1378 1129 1465 1196 αὐτοῦ

326 1230 331 1237 “
348 1242 468 1330 δρόμον
488 1234 678 1314 διανόουσιν,
700 1234 798 1322 μηδὲν
813 1231 965 1322 ἀλληλοις
981 1235 1208 1318 ἐμποδίζοντα.
1235 1235 1361 1312 Ἥλιός
1376 1234 1466 1301 τεκαὶ

346 1341 466 1434 σελήνη,
489 1339 630 1429 ἀστέρων
652 1365 687 1406 τε
709 1339 803 1428 χοροί
825 1338 905 1404 κατά
927 1339 983 1426 τήν
1004 1338 1155 1426 διαταγην
1179 1337 1320 1426 [α]ότοῦ
1344 1339 1378 1407 έν
1398 1338 1464 1421 όμο-

345 1447 416 1534 νοίρι
438 1446 515 1529 δίχα
537 1445 644 1531 πάσης
667 1441 925 1530 [π]αρεκβιίσεως
942 1442 1156 1520 ἐξελίσσουσιν
1172 1443 1285 1530 [το]δς
1304 1442 1463 1528 έπιτεταγ

344 1551 460 1634 μένους
488 1547 601 1623 αότοῒς
633 1544 797 1637 όρισμοός.
844 1553 892 1633 Γῆ
911 1555 1140 1636 κυοφοροῦσα,
1169 1546 1251 1612 κατά
1281 1547 1326 1613 τό
1348 1547 1465 1633 θέλημα

345 1654 539 1729 αὐτοῦτοῖς
563 1650 663 1725 ἰδίοις
684 1656 809 1739 καιροῖς
832 1648 887 1737 τήν
915 1652 1123 1738 ιπαμπληθῆ
1145 1649 1345 1740 ἀνθρώποις
1368 1649 1465 1718 τεκαὶ

344 1760 463 1849 θηρσὶν
483 1758 537 1822 καὶ
560 1763 659 1822 πᾶσιν
682 1762 752 1831 τοῖς
776 1751 865 1823 οόσιν
886 1754 938 1822 ἐπ’
960 1754 1057 1843 αότην
1080 1751 1177 1835 ζώοις
1199 1752 1374 1822 ἀνατέλλει
1401 1777 1463 1842 τρο-

346 1861 417 1952 φήν,
440 1860 485 1948 μη
507 1861 751 1942 διχοστατοῦσα,
774 1859 855 1946 μηδέ
877 1857 1054 1928 ἀλλοιοῦσά
1076 1886 1109 1926 τι
1131 1868 1194 1924 τῶν
1215 1857 1462 1946 δεδογματισμέ-

344 1992 404 2033 νων
427 1963 482 2031 ἀπ’
504 1963 613 2030 αὐτοῦ.
651 1962 811 2048 ’Λβόσσων
833 1990 868 2030 τε
889 1964 1110 2048 ἀνεξιχνίαστα
1131 1964 1185 2030 καί
1206 1962 1367 2052 νερτέρων
1387 1961 1462 2029 ἀνοι-

345 2067 478 2158 διήγητα
502 2069 662 2160 ἰκρίματα
687 2076 758 2146 τοῖς
778 2068 913 2146 3αὐτοῖς
929 2069 1093 2153 συνέχεται
1108 2066 1367 2161 προστάγμασιν.
1402 2065 1463 2133 ’Τό

344 2175 440 2251 κότος
462 2183 519 2262 τῆς
542 2173 680 2264 ἀπείρου
702 2172 878 2260 θαλάσσης,
900 2174 982 2241 κατά
999 2174 1055 2262 τήν
1074 2171 1284 2261 δημιουργίαν
1299 2171 1405 2239 αὐτοῦ
1417 2193 1462 2238 συ-

345 2278 465 2346 σταθὲν
487 2277 534 2355 εἰς
556 2279 615 2355 τάς
637 2278 824 2365 συναγωγάς,
849 2276 888 2343 οδ
910 2279 1117 2369 παρεκβαίνει
1136 2276 1176 2343 ’τά
1198 2275 1464 2365 5περιτεθειμόνα

344 2380 426 2470 αὐτῇ
448 2383 592 2470 κλεῖθρα,
616 2381 698 2449 ἀλλά
716 2380 827 2458 καθιδς
844 2381 989 2460 διέταξεν
1004 2381 1094 2470 αὐτῇ,
1118 2382 1220 2458 οὕτως
1235 2388 1339 2448 ποιεῖ.
1375 2375 1464 2448 Εἰπεν

342 2483 419 2574 γάρ·
451 2486 566 2566 6,,έως,
581 2478 643 2551 ὧδε
664 2485 767 2573 ἥξεις,
797 2484 851 2550 καί
873 2484 914 2550 τά
935 2483 1060 2566 κόματά
1082 2510 1141 2554 σου
1163 2485 1196 2552 ἐν
1217 2485 1272 2552 σοί
1299 2485 1462 2576 συντριβίγ

343 2599 460 2657 σεται.“
508 2589 675 2666 7Ὠκεανός
702 2585 893 2678 ἀνθρώποις
921 2586 1117 2676 ἀπέραντος,
1147 2589 1201 2655 καί
1223 2589 1257 2655 οἱ
1279 2588 1353 2672 μετ’
1375 2587 1464 2656 αδτόν

342 2692 459 2777 κόσμοι
480 2698 552 2769 ταῖς
575 2686 689 2770 αὐταῖς
710 2692 846 2778 8ταγαῖς
862 2701 923 2758 τοῦ
938 2692 1098 2761 δεσπότου
1114 2693 1353 2762 διευθόνονται.
1388 2703 1463 2762 Και-
1496 2783 1498 2786 ⁴

259 2848 263 2855 ·
286 2816 289 2821 '
343 2799 397 2887 ρσί
419 2797 555 2887 εἀρινοί,
578 2798 632 2864 καί
652 2797 797 2886 θερινοὶ,
825 2798 879 2864 καί
900 2799 1135 2888 μετοπωρινοί,
1162 2799 1216 2864 καί
1237 2799 1419 2888 χειμερινοί
1438 2795 1465 2863 έν

342 2898 449 2991 εἰρήνη
470 2900 788 2989 μεταπαραδιδόασιν
810 2899 969 2989 ἀλλήλοις.
1004 2899 1138 2984 Ἀνέμων
1157 2903 1305 2984 σταθμοὶ
1321 2901 1404 2969 κατά
1417 2899 1465 2966 τόν

344 3007 429 3072 ίδιον
449 3000 560 3094 κάιρόν
582 3003 637 3092 την
659 3006 860 3095 λειτουργίαν
881 3002 986 3071 αὐτῶν
1008 3003 1225 3095 ἀπροσκόπως
1248 3003 1464 3073 ἐπιτελοῦσιν·

343 3107 454 3175 ἀέναοί
476 3133 511 3174 τε
532 3109 632 3195 πηγαί
653 3108 738 3199 πρός
760 3108 939 3177 ἀπόλαυσιν
960 3110 1014 3176 καὶ
1033 3110 1153 3195 όγίειαν
1168 3111 1464 3199 δημιουργηθεῖσαι,

344 3214 421 3297 δίχα
436 3213 613 3301 ἐλλείψεως
628 3214 825 3302 παρέχονται
840 3215 917 3292 τοός
931 3213 1016 3304 πρός
1031 3213 1115 3301 ζωῆς
1128 3210 1322 3301 ἀνθρώποις
1333 3212 1464 3296 μαζοός·

344 3316 385 3384 τό
406 3341 442 3382 τε
464 3314 616 3399 ε’λάχιστα
646 3327 708 3387 τῶν
736 3317 825 3398 ζώων
854 3319 912 3396 τάς
940 3316 1135 3394 συνελεύσεις
1164 3315 1269 3382 αὐτῶν
1300 3317 1336 3385 έν
1365 3315 1465 3408 εἰρήνη

343 3421 398 3488 καί
427 3419 563 3508 όμονοίρι
591 3430 788 3506 ποιοῦνται,
828 3431 935 3488 Ταῦτα
962 3422 1068 3488 πάντα
1096 3420 1116 3487 ό
1144 3418 1243 3507 μέγας
1273 3418 1465 3509 δημιουργός

245 3520 248 3526 ’
344 3525 398 3592 καὶ
418 3520 578 3611 δεσπότης
600 3534 662 3590 τῶν
684 3523 833 3592 ἀπόντων
855 3525 888 3592 ἐν
907 3525 1015 3616 εἰρήνη
1036 3525 1091 3591 καί
1113 3524 1249 3612 όμονοίρ
1270 3523 1465 3614 προσέταξα

344 3622 434 3706 εἰναι,
457 3625 625 3717 εὐεργετῶν
639 3628 679 3696 τά
693 3630 806 3708 πάντα,
829 3619 1106 3719 όπερεκπερισσιῦς
1122 3630 1158 3695 δὲ
1172 3628 1256 3717 ἡμᾶς
1271 3628 1352 3707 νοός
1367 3650 1464 3719 προσ·

346 3732 548 3820 πεφευγότας
570 3739 641 3809 τοῖς
663 3732 845 3822 οἰκτιρμοϊς
860 3731 971 3813 αὐτοῦ,
995 3732 1051 3798 διά
1066 3741 1126 3798 τοῦ
1140 3731 1252 3818 κυρίου
1267 3730 1359 3820 ἡμῶν
1373 3732 1466 3821 Ἰησοῦ

347 3843 511 3924 Χριστοῦ,
539 3828 592 3922 9ᾦ
614 3836 634 3924 ἠ
656 3836 736 3915 δόξα
757 3838 811 3904 καὶ
828 3838 852 3924 ἦ
874 3833 1075 3923 μεγαλωσόνη
1097 3835 1144 3912 εἰς
1166 3834 1243 3911 τοός
1265 3834 1388 3916 αἰῶνας
1410 3845 1466 3903 τῶν

347 3936 477 4006 αἰώνων.
521 3937 624 4028 Ἀμήν.

386 4113 412 4177 1)
433 4113 477 4164 Ms.
491 4114 717 4177 Ιισδελπανπληθῆ.
745 4114 819 4182 Apud
833 4113 895 4165 LXX
955 4115 984 4181 2)
1008 4116 1123 4182 Κρίματα
1145 4133 1180 4163 =
1201 4113 1341 4178 οἰκονομίαι
1364 4120 1465 4170 Suum.

350 4207 374 4251 et
399 4199 539 4266 Scriptores
564 4200 750 4254 Alexandrinos
776 4220 790 4248 ν
816 4215 894 4268 saepe
921 4200 990 4269 Ergo
1027 4223 1063 4248 =
1100 4202 1232 4264 rationu,
1268 4204 1466 4271 δίεμοείίίυνιιν.

348 4299 398 4336 σου
424 4286 596 4356 colliquescit,
622 4286 669 4338 sed
687 4287 817 4339 retinetur.
847 4290 893 4338 λε·
921 4287 1042 4338 Wottono
1055 4285 1140 4353 placet
1153 4286 1264 4349 κλίματα,
1283 4297 1400 4353 tractus,
1418 4290 1467 4341 sivo

351 4389 457 4424 οοοεου.
921 4376 1050 4443 κορέσασα.
1078 4370 1171 4426 Bittius
1184 4373 1322 4442 existimat,
1335 4375 1363 4430 S.
1372 4375 1467 4430 Patrem
