3659 5209
336 558 382 616 ὃ.
402 556 609 628 sisbertus]
790 555 1046 611 ΡΙΙΟΙΕΙΙΟΙΙΕΙΙΑ.
1426 562 1483 616 m

352 722 558 804 assignantur.
599 719 657 785 Sed
682 719 733 783 uix
756 718 885 797 credam,
908 717 1070 782 Eusebium
1093 720 1133 809 id,
1157 721 1342 787 documentis
1366 721 1479 801 initum,

353 827 524 908 scripsisse.
569 827 711 889 Fortasse
733 844 788 906 per
812 824 1000 885 traditionem
1024 825 1080 905 ipsi
1103 827 1290 906 innotuerat,
1323 827 1425 891 Linum
1451 835 1480 891 ct

358 933 554 996 Anencletum
580 930 617 995 12
635 947 731 993 annos
747 929 908 991 Romanam
928 929 1046 991 rexisse
1064 931 1230 994 ecclesiam.
1270 931 1365 1005 Ouum
1381 941 1478 996 autem

356 1038 453 1120 ipsum
475 1037 597 1116 lateret,
620 1036 688 1111 illos
712 1036 905 1116 conjunctos,
929 1051 1080 1111 unacum,
1105 1035 1228 1098 oioente
1253 1036 1356 1098 adbuc
1377 1037 1478 1115 Petro,

354 1141 558 1225 gubernacula
582 1141 714 1203 tenuisse
722 1161 732 1216 ;
762 1139 826 1203 fieri
848 1145 984 1219 poterat,
1015 1145 1064 1218 ut,
1094 1139 1265 1224 Catalogum
1288 1141 1404 1204 irenaei
1426 1161 1479 1205 re-

352 1248 504 1330 spiciens,
532 1265 645 1311 summa
669 1237 773 1314 fiducia
798 1262 880 1308 suam
905 1244 992 1306 nobis
1015 1251 1199 1325 proponeret
1222 1247 1480 1327 computationem.

442 1350 471 1416 5.
505 1353 568 1414 Neo
592 1351 629 1414 de
645 1350 800 1432 Epiphanii
820 1351 994 1432 conjectura
1015 1356 1174 1428 taceamus,
1199 1352 1249 1431 qui
1266 1350 1277 1411 Ι
1294 1350 1385 1415 Ciem.
1402 1372 1427 1416 c.
1439 1351 1482 1417 54

352 1458 431 1520 male
455 1457 677 1539 interpretatus,
702 1454 899 1534 Clementem,
924 1473 941 1517 a
964 1455 1051 1518 Petro
1076 1455 1260 1533 ordinatum,
1284 1457 1367 1536 pacis
1391 1477 1480 1521 causa

353 1564 486 1627 cessisse
509 1563 582 1625 Lino
607 1568 753 1638 autumat3
784 1561 859 1623 Lino
890 1565 988 1625 aulem
1018 1562 1205 1624 successisse
1228 1561 1360 1641 Clelum,
1396 1562 1479 1628 Cleto

354 1668 537 1731 Clementem
560 1673 691 1730 resumto
715 1665 902 1749 pontiiicatu,
933 1665 1093 1728 arbitratur
1111 1663 1148 1748 ¹).
1194 1667 1257 1730 Nos
1281 1667 1357 1730 banc
1382 1686 1479 1749 quae-

351 1774 481 1839 stionem
506 1774 609 1834 ilerum
633 1762 839 1857 adtingemus‘,
872 1770 910 1832 de
935 1777 1088 1852 tempore,
1121 1791 1179 1853 qun
1196 1773 1296 1854 'prima
1320 1773 1479 1837 Clementis

352 1879 480 1964 epistola
504 1879 613 1958 scripta
637 1876 735 1955 luerit,
759 1877 942 1957 disputantes
966 1873 1062 1958 (inira
1085 1895 1114 1939 n.
1138 1875 1240 1960 Vlll.).

440 1983 506 2045 Jam
530 1981 568 2043 de
589 1989 687 2042 morte
710 1979 870 2042 Clementis
900 1980 993 2041 verba
1024 1979 1173 2043 iaciamus.
1219 1982 1367 2047 Eusebius
1399 2002 1477 2048 con-

352 2087 458 2165 tendit,
475 2086 657 2147 Clementem
675 2103 784 2145 nooem
800 2099 896 2144 annos
913 2100 1036 2143 munere
1053 2084 1214 2165 episcopali
1230 2086 1371 2167 iunctum,
1390 2090 1477 2152 tertio

353 2190 477 2271 Trajani
500 2206 579 2250 anno
603 2184 819 2270 (1011).ch
844 2192 968 2249 mortem
993 2186 1113 2248 obiisse.
1153 2187 1199 2251 Ad
1218 2209 1254 2254 ca
1270 2200 1377 2270 autern,
1401 2212 1478 2274 quac

352 2292 613 2376 supradiximus,
646 2294 675 2355 et
697 2290 774 2354 inira
798 2291 948 2370 dicemus,
982 2289 1189 2371 attendentes,
1222 2314 1330 2358 novem
1359 2297 1478 2377 quidem

351 2397 508 2481 regiminis
540 2415 634 2459 annos
664 2396 807 2479 Clementi
839 2399 992 2467 tribuimus
1024 2396 1080 2482 (A.
1105 2396 1253 2482 68-77)
1278 2419 1343 2463 cum
1367 2401 1478 2481 Caveo,

350 2504 522 2582 Dodwello,
545 2503 663 2566 Eleurio
688 2511 717 2566 ct
740 2504 824 2581 aliis;
850 2523 917 2566 eum
942 2509 1039 2566 aulem
1058 2505 1120 2586 jam
1144 2504 1198 2567 sub
1216 2505 1401 2587 Vespasiano
1421 2506 1479 2568 de-

350 2611 578 2675 functumesse
602 2614 746 2689 putamus.
792 2610 849 2683 Qui
877 2629 951 2675 vero
975 2609 1120 2672 Eusebio·
1137 2609 1224 2673 fidem
1254 2610 1367 2674 babere
1398 2611 1478 2690 velit,

349 2735 416 2778 oum
440 2715 506 2795 ipso
536 2712 641 2776 credat
671 2720 805 2795 oportet,
838 2715 925 2776 brevi
948 2721 1101 2795 ternpore,
1134 2713 1169 2777 Α.
1196 2712 1384 2794 lul-153,
1417 2734 1485 2785 non.

349 2813 447 2884 minus
471 2837 560 2899 quam
584 2825 699 2898 septem
721 2837 776 2882 seu
800 2826 869 2882 octo
893 2820 1047 2902 pontifices
1067 2819 1170 2883 sedem
1186 2818 1348 2884 Romanam
1365 2840 1477 2884 ascen-

349 2925 447 3003 disse,
482 2923 618 3003 quamvis
649 2941 707 2985 una
739 2929 849 2987 tantum
879 2926 1050 3005 persecutio
1083 2926 1142 2988 boc
1174 2928 1316 3007 temporis
1350 2928 1476 3008 spatium

348 3028 566 3110 perturbasset.

439 3133 586 3197 Eusebius
610 3139 640 3195 et
655 3131 866 3215 Hieronymus.
877 3130 914 3216 (i.
932 3133 950 3195 l.
967 3150 992 3195 c.
1010 3129 1056 3215 c.)
1078 3140 1202 3199 mortem
1220 3135 1379 3200 Clementis
1396 3138 1476 3200 nulla

349 3239 387 3303 de
412 3239 556 3322 martyrio
580 3238 732 3300 mentione
755 3238 888 3300 instituta
911 3246 1152 3303 commemorant.
1191 3242 1332 3308 irenaeus
1355 3263 1476 3326 quoque

349 3341 416 3428 (111,
428 3340 488 3428 3.),
504 3343 662 3407 Pontifices
678 3360 775 3423 usque
791 3341 827 3404 ad
838 3342 1040 3406 Eleutherium
1056 3363 1230 3425 recensens,
1247 3366 1351 3411 corum
1367 3367 1475 3429 quem-

348 3468 438 3531 quam
469 3448 640 3530 martyrium
670 3465 790 3528 passum
822 3455 944 3529 practer
966 3449 1180 3532 Telesphorum
1211 3453 1289 3515 baud
1320 3455 1474 3537 significat.

348 3555 376 3617 Α
400 3553 507 3616 Ruiino
531 3570 605 3615 vero
630 3559 660 3614 et
681 3552 800 3644 Zosimo
825 3553 962 3617 Clemens
985 3563 1090 3618 noster
1119 3564 1229 3639 martyr
1254 3558 1417 3640 appellatur
1433 3556 1475 3641 Ι).

439 3659 485 3721 Ex
501 3657 583 3721 Actis
603 3659 746 3741 martyrii,
770 3659 836 3722 sine
857 3658 948 3721 dubio
968 3661 1172 3742 supposititiis,
1195 3661 1360 3744 Lumperus
1376 3663 1475 3727 bisto-

348 3764 424 3826 riam
447 3763 581 3845 martyrii
604 3762 633 3827 S.
659 3762 819 3825 Clementis
848 3763 893 3826 bis
925 3765 1026 3827 verbis
1057 3765 1168 3828 refert:
1206 3766 1426 3851 ,Clementem,
1459 3787 1476 3831 a

348 3867 543 3945 Mamertino,
566 3867 648 3952 urbis
670 3868 844 3950 praefecto,
867 3868 937 3931 fidei
960 3876 1252 3952 causa-accusatum,
1276 3871 1421 3954 Trajanus
1445 3873 1475 3933 in

348 3972 573 4036 Chersonesum
596 3973 672 4037 ultra
692 3974 819 4055 ,Pontum
835 3973 984 4036 Euxinum
1006 3964 1161 4059 relegavit.
1198 3977 1314 4040 invenit
1337 3995 1412 4040 vero
1436 3975 1475 4036 ibi

333 4079 427 4142 -ultra
450 4076 510 4140 duo
533 4079 622 4140 mdlia
645 4078 895 4158 Christianorum,
925 4081 986 4162 jam
1011 4079 1061 4142 diu
1091 4080 1128 4142 ad
1152 4080 1298 4144 caedendi
1320 4078 1474 4144 marmoris

345 4201 431 4267 opus·
449 4182 662 4246 damnatorum.
700 4184 780 4269 inter
802 4185 929 4249 maxima
952 4193 1052 4248 autem
1075 4187 1181 4251 borum
1203 4187 1344 4250 fidelium.
1357 4187 1474 4247 incom-

363 4321 413 4405 .¹)
432 4318 538 4372 linares.
558 4317 657 4385 xxttll,
676 4333 700 4372 n.
720 4321 744 4372 6.
790 4372 792 4377 ,
962 4322 992 4391 2)
1010 4325 1140 4393 Erempcr,
1175 4323 1280 4376 historia
1310 4319 1473 4402 theologico-

430 4438 433 4443 ·
839 4404 841 4409 ’
885 4421 888 4426 “
928 4408 1231 4490 critica,l3,1.p..16.,
1295 4462 1298 4466 .
