3659 5209
530 522 652 585 renent
669 492 827 582 narsrom
846 526 891 581 aa
911 526 1080 582 nanusms.
1099 528 1119 582 r.
1139 528 1170 583 n.
1348 534 1410 599 153

285 692 376 756 uobis
400 691 593 776 comparastis
626 687 749 753 ¹indole
772 691 865 772 proba
888 690 1051 756 secuudum
1074 690 1162 755 iidem
1187 700 1217 756 et
1238 693 1410 758 charitatem

235 810 238 849 ῑ
285 800 315 861 in
332 796 408 860 Jesu
426 797 552 876 Christo,
574 796 725 859 salvatore
740 802 862 873 nostro;
885 793 971 880 (cum
994 794 1181 861 ²imitatores
1205 799 1268 861 sitis
1285 800 1349 877 Dei,
1373 796 1410 860 ad

235 892 239 955 t
286 904 377 967 vitam
402 901 560 967 ³revooati
581 920 638 986 per
661 901 835 984 sanguinem
858 900 943 981 ⁴Dei‚
967 920 1044 984 opus
1067 902 1258 965 fraternitatis
1276 902 1411 984 perfecte

235 1022 238 1075 t
286 1007 457 1071 absolvistis
465 1027 476 1084 3
508 1013 664 1089 postquam
694 1007 771 1070 enim
803 1007 942 1087 audistis,
974 1027 1021 1071 me
1050 1009 1179 1071 vinctum
1207 1007 1332 1091 oSyria
1355 1026 1411 1091 pro

235 1102 241 1167 1
287 1113 438 1176 cummuni
468 1101 588 1174 nomine
616 1118 647 1174 et
675 1129 747 1194 spe,
787 1109 918 1175 ⁵videre
952 1113 1114 1175 festinastis
1150 1131 1197 1174 me
1233 1119 1412 1194 sperantem,

235 1208 243 1274 i
287 1216 369 1298 quod
400 1217 510 1279 vestris
540 1217 680 1298 precibus
710 1234 895 1298 consequar,
930 1223 961 1278 ut
982 1217 1094 1280 llomae
1125 1216 1271 1280 adversus
1303 1218 1412 1279 bestias

237 1316 242 1353 ¹
286 1340 439 1404 pugnem,
474 1326 506 1384 nt
540 1339 595 1403 per
627 1321 796 1404 martyrium
829 1321 952 1404 adipisci
987 1322 1116 1404 possim,
1151 1321 1311 1404 discipulus
1344 1339 1413 1383 csse

242 1420 245 1428 '
287 1422 416 1505 ⁶illius,
452 1426 570 1507 quise
603 1424 699 1508 ipsum
730 1444 786 1508 pro
818 1427 905 1489 nobis
936 1426 1042 1488 obtulit
1072 1427 1138 1490 Deo
1172 1427 1350 1490 oblationem
1385 1431 1414 1486 et
1518 1419 1520 1422 ’

235 1551 247 1613 p
288 1528 453 1613 bostiam);
486 1525 633 1614 ⁷suscepi
656 1550 731 1614 ergo
763 1533 793 1593 in
826 1531 945 1594 nomine
965 1530 1021 1592 Dei
1048 1530 1261 1594 multitudinem
1284 1536 1413 1592 vestram

235 1636 246 1697 ι’
286 1636 316 1699 in
333 1635 490 1713 Onesimo,
513 1635 719 1700 inenarrabilis
739 1636 886 1700 charitatis
906 1637 981 1714 viro,
1004 1643 1107 1699 vestro
1128 1642 1225 1698 autem
1245 1637 1274 1697 in
1297 1629 1414 1696 8carne

235 1764 245 1802 r
286 1741 454 1823 episcopo;
486 1758 574 1820 quem
600 1742 683 1823 juxta
707 1741 808 1804 Jesum
832 1739 980 1802 Christum
1012 1742 1138 1804 avobis
1167 1740 1275 1819 amari,
1307 1739 1414 1820 cuique

239 1870 244 1909 t
286 1844 403 1908 similes
425 1861 482 1907 vos
506 1861 609 1908 omnes
632 1846 698 1908 lieri
720 1853 799 1928 opto.
845 1845 1025 1908 Benedictus
1049 1849 1144 1927 enim,
1169 1847 1219 1928 qui
1241 1846 1336 1931 gratia
1359 1861 1414 1907 sua

235 1976 239 2011 ι
286 1966 347 2013 vos
370 1948 460 2012 talem
483 1950 655 2034 episcopum
679 1951 837 2034 possidere
859 1951 999 2034 diguatus
1023 1957 1077 2015 est.

284 2143 322 2209 ll.
368 2141 457 2208 Ldos
477 2143 669 2223 reliquorum
693 2144 874 2225 deputarem.
920 2143 1113 2208 Ecbortatic
1141 2143 1184 2205 ed
1207 2143 1415 2207 obedientium

566 2269 643 2330 erpo
666 2250 846 2331 episcopam
867 2255 898 2311 et
915 2247 1149 2330 presbyterium.

381 2366 449 2435 ⁹De
472 2390 620 2436 conservo
644 2380 741 2436 autem
762 2391 829 2437 meo
845 2371 972 2451 Burrbo,
996 2370 1159 2434 secundum
1175 2369 1269 2432 Deum
1287 2369 1414 2431 diacono

286 2483 407 2556 vestro,
430 2477 460 2539 in
484 2477 619 2540 omnibus
641 2478 809 2559 benedicto,
833 2495 898 2557 oro,
922 2483 953 2539 ut
976 2494 1095 2558 semper
1115 2476 1199 2538 vobis
1222 2481 1252 2536 et
1273 2474 1415 2554 episcopo

288 2584 332 2647 sit
361 2564 478 2644 honori.
523 2581 582 2646 Sed
615 2588 643 2644 et
674 2582 803 2662 Crocus,
836 2588 865 2644 et
894 2581 959 2644 Deo
991 2587 1020 2644 et
1050 2581 1137 2644 vobis
1168 2579 1295 2662 dignus,
1328 2596 1416 2659 quem
1500 2602 1502 2606 ’

288 2686 447 2770 exemplar
469 2692 586 2752 uestrae
609 2687 756 2751 charitatis
787 2689 907 2771 accepi,
938 2704 993 2768 per
1017 2686 1114 2749 omnia
1138 2703 1185 2748 me
1215 2680 1241 2722 ¹⁰
1255 2683 1413 2761 recreavit,

289 2791 445 2875 womodo
478 2798 508 2855 et
537 2792 632 2874 ipsum
668 2791 686 2831 ¹¹
705 2793 865 2878 refrigeret
917 2799 981 2856 ater
1002 2792 1076 2856 lesu
1099 2792 1225 2871 Christi,
1259 2808 1318 2853 una
1343 2808 1417 2852 cum

289 2896 438 2962 Onesimo
462 2903 491 2960 et
513 2896 628 2960 Burrbo
652 2903 682 2959 et
704 2896 800 2980 Euplo
823 2905 853 2961 et
867 2812 1029 2977 tibatone,
1053 2915 1109 2979 per
1131 2915 1208 2978 quos
1233 2915 1288 2961 vos
1312 2914 1417 2960 omnes

290 3001 394 3086 quoad
414 3002 583 3066 charitatem
600 3001 667 3065 vidi.
711 3000 734 3040 ¹²
745 3003 838 3066 Fruar
858 3004 943 3066 vobis
965 3010 1121 3086 perpetuo,
1144 3005 1170 3065 si
1193 3002 1300 3085 dignus
1321 3001 1416 3066 fuero.

290 3105 390 3172 Decet
419 3108 519 3189 itaque
549 3124 604 3169 vos
634 3109 771 3171 omnibus
802 3109 899 3171 modis
929 3107 1097 3190 glorificare
1130 3107 1232 3170 Jesum
1262 3106 1418 3185 Christum,

328 3243 358 3310 8)
377 3242 397 3297 1.
410 3260 433 3296 e.
451 3247 593 3316 epiecopus
614 3248 743 3313 visibilia,
762 3248 843 3300 vicem
855 3244 941 3354 'terea
967 3246 999 3297 ad
1025 3245 1075 3298 boc
1093 3253 1169 3314 caput
1187 3223 1306 3299 conferas
1325 3250 1416 3313 liutbe,

289 3346 389 3402 gerens
407 3334 526 3402 episcopi
542 3335 706 3399 tenebititis,
732 3337 843 3389 Christi.
870 3333 988 3402 definge
1007 3333 1054 3385 der
1071 3331 1166 3385 christi.
1184 3333 1277 3386 liircbs
1295 3351 1320 3403 p.
1340 3332 1399 3384 191.

291 3417 348 3472 cn.
381 3421 479 3486 noete,
512 3421 630 3490 Aefdnpc
648 3430 695 3474 etc.
727 3437 751 3488 p.
781 3422 840 3472 176.
889 3419 934 3489 10)
954 3419 1009 3471 Vox
1025 3418 1142 3485 Pauliua3
1160 3417 1243 3473 lCor.
1259 3421 1299 3486 16,
1320 3419 1352 3470 18
1367 3427 1418 3472 etc.

290 3506 374 3573 Syrus
391 3503 472 3558 verba
489 3501 515 3554 ir
533 3508 600 3573 σαρκὶ
619 3506 738 3575 neglexit.
869 3512 1013 3560 Jsoousos.

329 3591 359 3656 a)
378 3590 468 3644 Totum
488 3593 718 3661 caputeecnudum
733 3594 806 3647 deest
818 3596 843 3646 iu
889 3596 934 3659 11)
952 3593 987 3647 lta
1007 3592 1062 3660 tta,
1085 3608 1168 3663 neque
1187 3592 1260 3645 aliter
1279 3593 1342 3663 legit
1361 3593 1419 3646 Yet.

290 3679 416 3733 vomicae
428 3677 531 3745 Syriaca
546 3684 609 3746 (nou
627 3681 652 3732 in
666 3682 842 3750 Armeniaca);
870 3681 932 3747 lut,
958 3683 1017 3735 dum
1036 3683 1126 3735 vertite
1151 3684 1297 3751 refriperet.
1333 3680 1419 3734 Editi:

291 3767 352 3837 pius
372 3767 438 3818 euim
455 3764 500 3817 ille
519 3765 665 3832 monachus,
684 3769 726 3837 qui
742 3770 842 3820 versio·
870 3764 1247 3835 &maternitaruoossoe
1266 3766 1317 3820 Cir.
1328 3766 1419 3822 illim.

291 3866 357 3906 nem
368 3851 498 3920 Syriacam
513 3852 663 3918 elaboravit,
679 3856 763 3906 omnia
777 3857 844 3906 ouri-
872 3856 896 3921 1,
920 3856 967 3907 lli:
992 3855 1102 3911 πολλάκις
1125 3872 1156 3918 με
1173 3849 1290 3921 drspv'ga,
1317 3862 1344 3904 et
1362 3854 1418 3906 bct.
1491 3894 1493 3898 .

291 3943 360 3994 sisse
383 3938 495 4004 videtur,
521 3954 587 4008 quas
611 3941 659 4008 ipsi
678 3948 704 3992 et
722 3943 778 3993 usui
797 3958 844 3994 suo
871 3942 896 4009 3,
917 3942 958 3995 19.
983 3947 1127 3994 Jncoasou.
1360 3950 1362 3954 “

292 4030 413 4084 ameliae
431 4027 513 4078 minus
532 4041 642 4095 congrua
662 4029 775 4081 minusve
795 4045 844 4080 ne·
890 4030 936 4099 12)
955 4028 1058 4081 Pbrasin
1077 4029 1142 4078 banc
1160 4025 1340 4094 apostolicam,
1360 4039 1375 4075 a
1394 4023 1419 4076 S.

294 4117 410 4170 muria
437 4113 550 4182 putabat.
585 4113 765 4166 Paracueticos
782 4131 844 4168 vero
867 4117 941 4169 Pauli
966 4116 1015 4183 Ep.
1041 4114 1072 4166 ad
1098 4112 1205 4164 Pbilem.
1230 4127 1298 4164 vers.
1319 4110 1367 4175 20,
1393 4118 1421 4162 ut

292 4201 463 4274 epistolarum
481 4199 668 4269 ignatiunarum
694 4201 765 4255 locos
778 4205 845 4254 om·
872 4204 987 4266 videtur,
1011 4202 1164 4265 decantem,
1190 4200 1292 4267 saepius
1316 4197 1420 4264 usurpet

293 4305 395 4359 nosque
420 4288 454 4341 ad
478 4289 555 4341 vtum
578 4286 645 4341 bene
669 4290 845 4342 instituendam
871 4290 993 4360 lguatius.
1030 4286 1081 4339 Cir.
1099 4287 1132 4338 sd
1150 4284 1233 4355 biuga.
1252 4302 1274 4336 c.
1288 4284 1312 4335 2.
1326 4284 1367 4334 12.
1388 4282 1421 4334 ad

294 4377 488 4435 subeuntium
507 4376 597 4433 seruo
616 4376 727 4449 collegit.
763 4375 844 4433 Prae·
872 4376 944 4432 item
964 4391 986 4428 c.
1005 4376 1030 4428 5.
1054 4375 1086 4427 ad
1104 4372 1191 4442 Polye.
1212 4374 1225 4426 1
1248 4379 1275 4423 et
1293 4371 1317 4424 6.

1381 4516 1530 4664 Γ
