3659 5209
329 537 587 636 coisnanus]
653 638 655 643 Ι
766 564 1022 620 raoaaoouena.
1359 568 1459 623 xxxm

329 728 547 813 Apostolorum
569 726 646 791 Petri
678 735 708 790 et
737 726 820 791 Pauli
850 728 1037 809 martyrium,
1070 729 1149 791 eirca
1180 729 1216 792 A.
1246 728 1288 794 68
1317 732 1456 814 scriptam

329 854 392 897 eam
409 851 482 907 esse
499 834 688 898 contendunt.
729 833 896 896 Cotelerius
923 841 1030 912 autem,
1053 837 1267 915 Tillenrontius,
1282 838 1455 918 Lumperus,

330 939 518 1005 Scbliemann
549 937 617 1022 (die
649 939 852 1010 Clementinen
884 957 912 1019 p.
936 935 1001 1001 2109
1024 937 1108 1023 sap),
1140 940 1259 1003 Bnnsen
1290 939 1401 1023 (lgnat.
1427 964 1455 1005 v.

330 1043 470 1109 Antioeb.
494 1051 549 1104 etc.
574 1063 601 1124 p.
626 1041 706 1125 95),
737 1042 848 1105 ttttscbt
873 1040 959 1125 (l·.⁰·
983 1063 1010 1125 p.
1036 1040 1119 1125 282)
1144 1052 1175 1104 et
1198 1045 1366 1127 Hilgenfeld
1389 1043 1456 1129 (die

329 1149 457 1230 apostol.
485 1150 575 1210 Viter
611 1147 703 1212 1853.
739 1168 765 1230 p.
789 1145 832 1210 84
865 1155 894 1209 et
926 1144 987 1229 99)
1024 1148 1206 1230 temporibus
1241 1151 1457 1227 persecutionis

329 1255 491 1318 Domitiani
515 1255 592 1315 circa
618 1252 653 1315 A.
680 1247 720 1317 96
744 1253 791 1314 vel
815 1247 856 1315 97
882 1271 946 1313 eam
971 1259 1121 1313 exaratam
1144 1253 1333 1315 arbitrantur.

417 1361 493 1422 'lota
526 1359 600 1420 baec
631 1359 767 1439 quaestio
802 1356 938 1418 facillime
971 1364 1075 1438 posset
1109 1356 1248 1434 dissolvi,
1283 1359 1309 1419 si
1344 1361 1459 1438 tempus

329 1464 506 1527 Clementini
530 1465 717 1543 episcopatus
742 1463 828 1542 plane
854 1468 1013 1524 constaret.
1059 1461 1106 1524 Ex
1132 1479 1222 1542 supra
1251 1461 1336 1523 dictis
1360 1471 1458 1525 autem

329 1569 540 1645 intelleximus,
565 1568 798 1629 ecclesiasticum
815 1567 975 1629 Clementis
991 1566 1127 1648 regimen
1149 1573 1198 1629 aut
1213 1568 1298 1628 annis
1315 1563 1457 1644 tta-tt,

329 1680 380 1736 aut
404 1669 554 1736 92-101
581 1690 650 1734 essa
674 1674 870 1734 tribuendum.

423 1779 521 1852 Quum
543 1797 616 1841 vero
639 1797 690 1839 res
707 1779 749 1840 ita
774 1797 807 1839 se
831 1778 946 1855 babeat,
971 1776 1124 1859 epistolam
1144 1777 1236 1858 ipsam
1257 1777 1457 1859 inspiciamus,

329 1885 474 1964 temporis
498 1883 604 1944 indicia
628 1884 845 1964 investigatum.

374 1987 415 2071 a)
440 1988 578 2049 Clemens
612 1988 744 2067 martyrii
775 1975 991 2064 Apostolorum
1021 1985 1098 2045 Petri
1133 1991 1162 2044 et
1192 1986 1273 2047 Pauli
1308 1987 1405 2067 capite
1437 1984 1456 2049 5

383 2086 386 2091 ’
443 2093 622 2152 mentionem
655 2090 774 2149 taciens.
798 2092 853 2148 ait:
890 2079 1036 2166 ἔλθωμεν
1067 2083 1122 2150 ἐπὶ
1155 2084 1254 2161 τούς
1287 2082 1458 2172 ἔγγιστα

444 2188 626 2278 γενομένους
658 2181 812 2276 ἀθλητάς.
855 2192 930 2253 lntle
962 2199 1102 2272 apparet,
1137 2194 1290 2273 epistolam
1324 2204 1456 2256 nostram
1560 2210 1563 2216 '

444 2317 505 2360 non
529 2300 619 2360 multo
641 2306 709 2379 post
733 2301 841 2360 obitum
859 2298 1081 2377 Apostolorum,
1106 2298 1123 2357 i.
1145 2316 1171 2358 e.
1195 2316 1255 2358 non
1278 2301 1367 2361 multo
1390 2306 1458 2379 post

409 2383 413 2388 ⁴
445 2393 684 2483 persecutionem
707 2403 836 2464 Neronis
860 2411 1012 2463 exaratam
1036 2420 1115 2463 esse.

376 2505 418 2591 b)
444 2508 545 2589 Capite
562 2506 581 2571 6
599 2511 768 2588 persecutio
785 2528 880 2590 nuper
896 2509 1100 2590 praeterlapsa
1118 2504 1216 2590 (6.1)
1234 2507 1310 2569 adeo
1326 2515 1458 2587 eruenta,

443 2621 473 2675 et
497 2614 650 2676 multitudo
674 2623 844 2696 martyrum
860 2621 939 2675 tanta
963 2614 1151 2688 describitur,
1180 2620 1211 2674 nt
1233 2612 1373 2689 Neronis,
1398 2631 1457 2675 non

443 2719 601 2781 Domitiani
619 2726 751 2798 tempora
768 2721 944 2781 indicentur.
967 2720 1125 2799 Inpentem
1142 2720 1219 2779 enim
1234 2718 1459 2779 multitudinem

444 2825 499 2884 sub
516 2824 638 2884 Nerone
662 2827 819 2884 cruciatam
844 2823 947 2901 luisse,
971 2825 1089 2885 Tacitus
1114 2820 1237 2904 (eadem
1259 2839 1333 2882 sane
1349 2823 1459 2902 phrasi,

445 2948 502 3009 qua
525 2930 616 2990 utitur
639 2927 668 2990 S.
691 2927 791 3005 Pater,
822 2921 905 2988 66λύ
934 2923 1083 3008 πλῆθος)
1113 2927 1199 2989 nobis
1232 2924 1326 2985 relert
1346 2922 1390 3006 ¹);
1422 2927 1459 2987 de

445 3033 611 3095 Domitiano
636 3039 732 3093 autem
757 3033 954 3095 Tertullianus
978 3034 1017 3092 ita
1040 3034 1185 3111 loquitur:
1222 3030 1409 3091 Tentaverut
1429 3038 1460 3090 et

444 3137 657 3213 Domitianus,
678 3141 783 3218 portio
806 3137 941 3200 Neronis
964 3137 1002 3196 de
1025 3136 1225 3210 erudelitate,
1257 3137 1315 3196 sed
1344 3154 1408 3214 qna
1429 3145 1460 3198 et

444 3244 553 3319 bomo,
586 3241 683 3320 focile
708 3252 847 3322 coeptam
870 3241 1040 3320 repressit,
1068 3242 1221 3303 restitutis
1243 3241 1354 3316 etiam,
1379 3259 1459 3319 qnos

445 3348 640 3427 relcpaoerot
656 3345 697 3430 ’ῆι

379 3449 423 3535 c)
444 3451 576 3534 Cnpp.5
609 3451 681 3516 et6
714 3453 812 3515 unllns
844 3459 888 3514 tot
921 3451 1075 3513 illustrium
1109 3456 1288 3533 martyrum,
1322 3450 1371 3530 qni
1403 3451 1458 3515 sub

443 3558 613 3622 Douritiano
645 3561 725 3640 passi
756 3565 841 3637 sunt,
873 3561 1057 3620 nominatur:
1085 3553 1151 3618 non
1170 3557 1286 3618 Flavius
1310 3555 1459 3632 Clemens,

446 3682 506 3725 non
530 3663 664 3725 Aneilius
689 3663 826 3743 Glabrio,
850 3681 910 3726 non
934 3663 1034 3724 Flavia
1057 3662 1221 3740 Domitilla,
1244 3680 1304 3724 non
1326 3661 1460 3724 Jonnnes

446 3767 653 3851 Evangelista3
678 3787 805 3849 quorum
828 3768 966 3848 aliquem,
990 3772 1022 3828 ut
1037 3766 1200 3829 Cardinalis
1217 3765 1285 3829 Orsi
1296 3764 1328 3848 ³)
1348 3773 1459 3843 monet,

408 3922 412 3927 .
447 3873 550 3934 saltem
574 3880 768 3937 memorasset
784 3873 813 3937 S.
830 3874 926 3953 Pater,
949 3875 974 3934 si
997 3877 1066 3954 post
1081 3872 1295 3935 Domitianeam
1312 3890 1460 3953 perseru-

355 4007 359 4010 ·
445 3978 556 4039 tionem
579 3981 756 4060 scripsisset.
811 4025 813 4028 -

377 4078 422 4163 o)
446 4081 477 4142 la
500 4082 558 4142 bne
581 4100 606 4143 c.
631 4080 650 4145 6
674 4084 743 4145 dicit
765 4083 921 4146 Clemens:
945 4079 1040 4167 ζῆλος
1055 4077 1106 4143 καὶ
1121 4073 1187 4166 ἔρις
1200 4078 1311 4153 πόλεις
1324 4067 1462 4162 μεγάλας
1547 4096 1549 4100 ’

443 4180 666 4271 κατέστρεψεν.
705 4189 829 4270 Quodsi,
853 4190 973 4270 quando
989 4180 1098 4251 Noster
1118 4189 1193 4249 haec
1216 4187 1344 4267 scripsit,
1367 4175 1464 4243 Jeruss

369 4321 399 4385 1)
420 4319 509 4372 tonat·
528 4321 580 4373 XV·
600 4338 623 4373 c.
642 4323 753 4391 41-,46
834 4333 837 4337 ·
949 4324 1068 4390 antea.
1089 4324 1151 4375 ecca
1171 4321 1198 4374 τ.
1219 4322 1236 4373 1.
1256 4338 1281 4388 p.
1300 4319 1360 4369 4¹2.
1388 4313 1462 4381 apua

368 4405 618 4482 2166010665.
672 4432 676 4442 ·
914 4409 1196 4497 6666666666
1225 4401 1461 4477 66666661.
