3659 5209
360 552 425 618 246
703 538 898 596 ιιιιιτιιιιυιι
917 538 942 591 s.
961 534 1093 591 ιοιιιπι.
1111 534 1144 591 ιι

578 702 612 766 Ιῑ
656 699 799 781 Ιριιαιίιιι
822 717 843 759 α
869 697 1009 776 Trojano
1031 695 1285 759 εοιιδεοιιιαίιιν.

451 807 608 898 Τραϊανοῦ
629 797 689 891 γάρ
711 794 795 884 μετά
814 805 917 863 ταῦτα
940 789 1082 881 ιἐννάτιρ
1105 791 1176 863 ἔτει
1200 804 1264 879 τῆς
1290 792 1397 861 αύτοῦ
1414 797 1487 876 βασι

360 914 462 992 λείας,
492 907 692 1001 ἐπαρθέντος
722 903 779 971 ἐπί
808 910 847 989 τῇ
874 900 941 990 νίκη
969 904 1009 989 τῇ
1037 899 1119 967 κατά
1143 906 1294 969 Σκυθῶν
1326 897 1378 965 καί
1399 902 1488 966 Δαιῦν

360 1021 413 1087 καί
441 1018 557 1103 ἑτέρων
585 1012 714 1080 πολλῶν
740 1008 861 1088 ἐθνῶν,
890 1005 944 1072 καὶ
973 1005 1166 1088 νομίσαντος
1191 1001 1247 1071 ε”τι
1272 1004 1403 1073 λείπειν
1422 1002 1487 1090 αῦτη·

360 1124 443 1214 πρός
465 1124 572 1188 πᾶσαν
600 1109 761 1203 ύποταγην
788 1109 827 1179 τό
856 1116 919 1177 τιῦν
948 1120 1133 1201 χριστιαιιῦν
1156 1111 1330 1194 θεοσεβὲς
1357 1104 1484 1199 σύστημα,

360 1229 411 1297 καί
432 1225 462 1294 εί
481 1223 524 1314 μη
544 1220 600 1311 τῆν
622 1224 688 1288 τιῦν
717 1212 873 1303 δαιμόνων
902 1217 1049 1283 ίὲλοιντο
1078 1215 1234 1304 λατρείαν
1266 1208 1356 1300 μετά
1385 1214 1484 1281 πάντων

360 1329 538 1400 ύπεισιίναι
560 1331 624 1394 τιῦν
645 1325 756 1405 ἐθνῶν,
779 1322 916 1410 διωγμόν
936 1320 1100 1407 ύπομίνειν
1123 1316 1381 1410 άπειλὴσαντος,
1403 1314 1482 1388 ’πάν

361 1461 420 1515 τας
447 1430 523 1511 τοῦς
550 1431 688 1514 εὐσεβῶς
716 1430 837 1511 ζῶντας
865 1422 887 1516 ἢ
913 1424 1005 1494 θύειν
1031 1418 1054 1515 ἢ
1080 1427 1236 1494 τελευτᾶν
1267 1419 1480 1516 κατηνάγκαζε

364 1535 447 1610 Τότε
467 1540 573 1608 τοίνιν
593 1535 754 1627 φοβηθείς
782 1525 864 1622 ύπὲρ
895 1534 952 1621 τῆς
972 1528 1152 1615 Ἀντιοχέων
1184 1531 1364 1621 ἐναλησίας
1393 1525 1479 1619 όγιι

360 1654 451 1724 ναῖος
474 1646 535 1711 τοῦ
555 1642 703 1731 Χριστοῦ
725 1629 930 1729 στρατιώτης,
953 1633 1132 1712 *ἑκουσίως
1154 1628 1256 1725 ἢγετο
1280 1636 1372 1727 πρδς
1392 1643 1479 1725 Τραῖι·

361 1751 420 1831 νόν,
443 1745 594 1833 διάγοντα
612 1745 669 1830 μὲν
689 1736 757 1809 κατ’
780 1742 893 1809 ἐκεῖνον
914 1738 968 1807 τόν
989 1740 1097 1829 καιρόν
1117 1740 1200 1808 κατά
1221 1738 1286 1825 τῆν
1307 1735 1478 1827 Ἀντιόχειαν,

362 1850 588 1934 σπουδάζοντα
617 1849 655 1916 δὲ
683 1847 739 1916 ἐπί
767 1845 929 1937 Ἀρμενίαν
960 1845 1014 1913 καὶ
1043 1839 1217 1936 Πάρθους.
1268 1845 1324 1924 Ὡς
1357 1847 1396 1915 δὲ
1423 1840 1480 1912 κατ’

363 1958 539 2048 πρόσωπον
559 1950 635 2042 ἔστη
658 1955 816 2044 ’Ῑραῖανοῦ
837 1954 896 2019 τοῦ
917 1948 1090 2035 βασιλέως·
1118 1951 1189 2031 ,τίς
1216 1943 1268 2034 εί,
1300 1948 1480 2037 κακόδαιμον,

362 2060 422 2140 τάς
442 2057 596 2149 ἡμετέρας
616 2050 806 2140 σπουδάζον
827 2051 989 2138 διατάξεις
1009 2049 1224 2145 ύπερβαίνειν,
1253 2054 1344 2143 μετά
1368 2053 1430 2126 ὅτό
1447 2055 1482 2124 τά

363 2165 494 2256 ἑτέρους
516 2159 720 2243 άναπιίθειν,
749 2159 801 2228 ἵνα
822 2164 925 2239 κακαῖς
947 2155 1170 2243 άπολώνταιξ*
1213 2155 1376 2249 Ἰγνάτιος
1404 2156 1482 2230 dna·

347 2266 489 2354 ,,,ούδείς
505 2270 673 2360 Θεοφορον
695 2264 851 2336 ἀποκαλεῖ
872 2264 1102 2351 κακοδαίμονα·
1125 2258 1336 2356 άφεστὴκασι
1359 2269 1420 2359 γάρ
1437 2262 1483 2335 άιό

364 2385 427 2444 τῶν
448 2369 569 2442 δούλων
588 2376 647 2440 τοῦ
671 2375 757 2440 Θεοῦ
777 2371 819 2438 τά
840 2368 994 2455 δαιμόνια.
1039 2368 1080 2436 Εἰ
1102 2369 1153 2449 δὲ,
1185 2369 1239 2437 ὅτι
1271 2372 1407 2451 τούτοις
1425 2372 1484 2441 ἐπα

363 2475 448 2570 χθύς
469 2479 552 2565 εἰμι,
582 2478 696 2566 Ἶκαί]
718 2470 811 2544 κακόν
832 2499 873 2559 με
904 2472 990 2565 πρδς
1018 2469 1095 2552 τούς
1126 2472 1289 2559 δαίμονας
1321 2471 1485 2555 άποιιαίεῐς,

363 2585 573 2672 σινομολογώ.
617 2581 757 2669 Χριστόν
778 2579 837 2670 γάρ
860 2576 940 2664 ἔχων
962 2571 1149 2668 ἐπουράνιον
1170 2579 1324 2663 βασιλέα,
1348 2581 1410 2661 τάς
1428 2576 1485 2649 τού

362 2716 427 2759 των
457 2688 602 2756 καταλύω
635 2685 834 2766 ἐπιβουλάς.“
889 2683 1044 2774 Τραϊανός
1075 2678 1183 2751 εἶπεν·
1216 2686 1301 2765 ,καὶ
1333 2688 1391 2765 τίς
1422 2687 1487 2755 ἐστιν

365 2787 572 2885 Θεοφόροςςίί
615 2783 762 2872 Ἰγνάτιος
783 2783 994 2880 άπεκρίνατο·
1015 2783 1054 2869 ,ό
1073 2785 1217 2878 Χριστόν
1240 2786 1332 2874 ἔχων
1356 2793 1391 2861 ἐν
1412 2791 1487 2881 στίρ
1523 2856 1525 2875 ,

363 2908 456 2977 νοις.“
502 2891 657 2985 Τραϊανός
685 2887 789 2962 εἶπεν·
825 2888 932 2982 ,ἡμεῖς
961 2884 1016 2962 ούν
1044 2914 1097 2960 σοι
1126 2895 1288 2979 δοκοῦμεν
1318 2898 1407 2965 κατά
1434 2898 1488 2964 νοῦν

362 3002 408 3091 μή
431 3003 512 3085 ἔχειν
535 2995 645 3079 Θεοῦς,
666 2992 714 3078 οἷς
735 2999 786 3066 καί
808 2993 964 3088 χρώμεθα
986 3000 1168 3083 συμμάχοις
1189 3000 1280 3090 πρός
1303 3003 1386 3081 τούς
1407 3003 1488 3071 ποίε-

361 3106 499 3194 μίους,·“
540 3101 688 3191 Ἰγνάτιος
723 3097 830 3172 εἶπεν·
867 3155 884 3186 ,,
892 3100 934 3172 τά
971 3098 1217 3187 δαιμόνια-τών
1254 3103 1369 3173 ἐθνιῦν
1403 3105 1489 3182 Θεοῦς

362 3208 612 3301 προσαγορεύεις
641 3203 858 3295 πλανώμενος·
892 3202 938 3288 εἷς
967 3209 1027 3299 γάρ
1058 3207 1142 3278 ἔστιν
1170 3205 1275 3292 Θεδς,
1307 3206 1331 3282 ό
1363 3212 1490 3304 ποιήσας

362 3311 419 3383 τόν
441 3309 572 3404 ούρανδν
592 3314 645 3381 καί
665 3316 723 3405 την
744 3318 801 3404 γῆν
822 3315 875 3382 καί
895 3311 950 3405 την
970 3308 1155 3395 θάλασσαν,
1185 3314 1238 3381 καί
1267 3307 1386 3386 πάντα
1410 3315 1449 3385 τά
1466 3314 1490 3383 ἐι

362 3415 488 3498 αύτοῖς·
510 3419 562 3486 καὶ
583 3411 628 3496 εἷς
646 3419 790 3510 Χριστός
810 3419 934 3509 Ἰησοῦς,
958 3421 977 3487 δ
998 3418 1066 3498 υἱός
1087 3428 1146 3486 τοῦ
1165 3422 1251 3487 Θεοῦ
1274 3414 1294 3487 δ
1317 3421 1489 3511 μονογενῆς,

364 3518 405 3593 ού
434 3528 492 3611 τῆς
517 3523 682 3606 βασιλείας
712 3517 869 3613 ὀναίμην.“
919 3521 1073 3610 Τραϊανός
1103 3518 1207 3592 εἶπεν·
1240 3521 1319 3605 ,τόν
1356 3550 1489 3617 σταυρυ

363 3627 464 3696 θέντα
490 3627 590 3717 λέγεις
617 3627 673 3697 ἐπὶ
701 3627 841 3696 Ποντίου
874 3624 1016 3698 Πιλάτου
1023 3638 1058 3713 ,·“
1102 3625 1246 3718 Ἰγνάτιος
1277 3622 1393 3700 εἶπεν·
1423 3627 1491 3714 ,τόν

363 3728 650 3824 άνασταυρώσαντα
669 3730 725 3822 την
745 3733 819 3824 ἐμην
840 3728 1000 3824 ἁμαρτίαν
1019 3728 1101 3820 μετά
1121 3741 1180 3801 τοῦ
1207 3735 1331 3824 ταύτης
1360 3731 1491 3827 εῦρετοῦ,

363 3837 414 3906 καί
444 3841 550 3907 πᾶσαν
579 3831 829 3906 καταδικάσαντα
857 3839 1035 3929 δαιμονικην
1065 3838 1183 3926 πλάνην
1212 3838 1277 3905 καί·
1301 3840 1417 3910 κακίαν
1435 3839 1492 3908 ύπδ

362 3942 438 4022 τούς
460 3937 566 4021 πόδας
587 3946 651 4009 τών
672 3939 768 4010 αύτδν
783 3942 814 4010 ἕν
828 3942 944 4035 καρδίη
958 3938 1186 4034 φορούντων.“·
1212 3945 1375 4033 Τραϊανός
1396 3938 1490 4014 εἶπεν·

363 4047 421 4130 ,οῦ
443 4039 498 4116 οῦν
519 4047 551 4115 ἕν
574 4046 678 4134 ἑαυτῷ
694 4042 809 4138 ’φέρεις
829 4044 885 4116 τόν
906 4047 1171 4139 σταυρωθέντα,·“
1207 4041 1370 4139 ΙἸγνάτιος
1395 4044 1489 4119 εἶπεν·

400 4198 427 4265 1)
446 4196 466 4250 1.
485 4213 508 4249 e.
526 4198 556 4247 Α.
576 4197 625 4248 107
643 4211 668 4265 ρ.
684 4196 729 4249 Ch.
757 4197 813 4250 Vct.
827 4197 911 4251 Ιοιει-
973 4201 1002 4266 2)
1020 4198 1315 4266 1ιαΝσίιε1.τ.ρ.235.
1328 4212 1488 4272 propterno-

295 4280 298 4287 ’
364 4301 422 4353 pres
452 4283 541 4334 habet:
572 4301 641 4337 οαοο
668 4295 770 4354 quarto.
807 4284 912 4337 Grabius
940 4302 997 4339 men
1011 4282 1176 4351 πληθυντικόν
1186 4283 1397 4341 Christianorum
1410 4296 1489 4341 coetu

365 4372 470 4449 ρρηίρίι
481 4365 574 4444 δεκάτην
586 4367 677 4444 ἕννάτρν
687 4370 742 4435 lm,
752 4372 769 4425 ἰ.
779 4388 803 4425 e.
813 4375 844 4424 Α.
854 4372 911 4427 116.
939 4370 1061 4444 (σύστημα
1074 4372 1250 4443 Χριστιανῶν).
1278 4375 1327 4430 flu,
1339 4374 1426 4427 ΐλαιτο.
1444 4375 1487 4444 Βη-
