3659 5209
612 539 631 592 1.
649 534 832 592 emanans
851 535 897 588 nn
918 532 991 588 eoa.
1010 518 1070 588 nm.
1088 530 1148 587 an.
1166 531 1217 588 av.
1410 535 1472 601 tut

347 711 377 768 te
409 703 445 765 in
475 709 594 784 pentem
621 717 764 782 mapnum
794 706 824 761 et
851 697 1044 774 mirandum,
1079 705 1110 760 et
1138 699 1198 760 loc
1224 694 1472 759 numerosiorem

346 801 432 874 Dixit
456 814 553 871 aulem
575 807 711 888 Moyses:
742 803 1107 882 meermannianam
1129 804 1248 865 remitte
1265 803 1338 865 laic
1353 803 1472 880 populo

343 920 523 996 peccatum,
547 911 598 972 col
620 911 712 971 etiam
732 929 779 970 mc
802 908 869 970 dele
893 909 931 968 de
947 908 1029 969 libro
1045 910 1221 970 vicentium.
1260 907 1473 970 Ocharitatem

348 1016 506 1100 magnaml
552 1015 578 1078 0
608 1012 837 1094 insuperabilem
868 1009 1101 1093 perlectioneml
1149 1013 1285 1074 Famulus
1318 1011 1473 1073 Dominum

301 1162 305 1175 ·
346 1123 446 1184 libere
469 1120 643 1199 alloquitur,
674 1136 729 1198 pro
753 1115 839 1197 plebe
863 1117 1070 1178 remissionem
1094 1118 1239 1197 postulat,
1273 1117 1319 1178 vel
1342 1117 1474 1198 seipsum

301 1262 310 1282 ι
348 1244 413 1288 una
437 1243 501 1287 cum
525 1225 569 1285 eis
593 1222 686 1284 deleri
709 1223 791 1303 petit.

301 1438 313 1475 ι
348 1416 423 1479 LIV.
466 1414 527 1490 Oui
548 1413 702 1477 claritate
715 1413 827 1490 plenas
844 1417 899 1487 est,
925 1429 1013 1474 omne
1029 1412 1174 1474 damnum
1194 1413 1287 1489 subit,
1312 1413 1475 1476 dunrmodo

681 1536 751 1596 pom
773 1517 924 1577 ecclesiae
946 1519 1139 1579 restituatur.

443 1641 517 1714 Quis
541 1641 630 1722 igilur
652 1639 729 1699 inter
752 1655 807 1699 vos
824 1656 1005 1719 generosus,
1028 1641 1093 1719 qais
1111 1639 1290 1716 misericors,
1314 1638 1381 1718 quis
1400 1638 1474 1700 clia-

301 1776 314 1812 ι
349 1748 440 1810 ritate
464 1743 593 1826 plenus?
639 1741 766 1805 ²Dical:
796 1743 825 1803 si
844 1752 975 1821 propter
997 1763 1043 1804 me
1065 1746 1179 1806 seditio
1209 1754 1239 1805 et
1261 1745 1426 1805 discordia
1445 1751 1477 1804 et

301 1878 315 1917 ι
348 1853 524 1914 schismata
546 1856 617 1911 orta
639 1856 724 1923 suat,
748 1848 888 1924 discedo,
913 1848 1010 1924 abeo,
1039 1868 1221 1928 quocunque
1242 1849 1421 1924 nolueritis,
1445 1855 1477 1910 et

301 1967 315 2025 ,ι’
350 1971 433 2037 quoe
454 1954 619 2015 multitudo
642 1954 795 2031 jusserit,
826 1953 933 2030 facio;
965 1954 1065 2013 solum
1090 1954 1207 2014 Clu-isti
1231 1973 1312 2031 prem
1341 1955 1375 2014 io
1395 1970 1474 2031 poce

352 2063 450 2142 depat
472 2079 539 2121 cum
562 2060 740 2120 constitutis
761 2055 965 2136 presbyteris.
1012 2057 1067 2129 Oui
1097 2057 1155 2117 hoc
1185 2056 1306 2132 iecerit,
1338 2076 1474 2138 magnam

301 2197 316 2235 ι
352 2166 411 2228 sibi
435 2164 558 2246 gloriam
582 2165 612 2225 in
628 2163 754 2224 Domino
779 2161 955 2242 concilialpit,
979 2169 1009 2222 et
1032 2161 1127 2223 omnis
1150 2160 1235 2222 locus
1255 2180 1321 2222 eum
1337 2163 1473 2242 excipiet.

301 2302 314 2342 ι
354 2269 515 2332 ³Domioi
537 2269 686 2330 animost
708 2275 793 2327 terra
821 2272 853 2325 et
877 2265 1039 2344 plenitudo
1071 2266 1148 2343 ejus.
1194 2264 1274 2325 llaec
1305 2264 1414 2326 iaciunt
1445 2271 1476 2327 et

301 2406 317 2448 a
351 2374 475 2451 facient,
499 2373 550 2454 qui
574 2373 711 2449 divinam,
735 2370 820 2451 eujus
843 2388 994 2449 nunquam
1017 2371 1159 2449 poenitet,
1184 2370 1272 2429 vitam
1296 2370 1407 2430 vivunt.

637 2563 695 2624 LV.
739 2560 839 2640 Hujus
864 2561 1028 2623 claritatis
1051 2561 1202 2638 eomnpla.

445 2685 509 2748 ⁴Ut
532 2691 628 2747 autem
652 2686 738 2745 etiam
759 2685 895 2764 exempla
912 2686 1042 2764 gentium
1061 2683 1267 2764 proferamus:
1291 2680 1372 2742 multi
1388 2698 1479 2761 reges

301 2824 316 2869 ,2
357 2801 386 2855 et
402 2792 632 2873 gubernatores,
655 2787 799 2871 pestifero
816 2797 951 2873 tempore
967 2792 1129 2868 saeviente,
1153 2807 1219 2852 cum
1236 2787 1357 2849 oraculo
1378 2792 1481 2848 essent

301 2933 316 2991 !
356 2897 515 2972 admoniti,
546 2895 633 2956 morti
664 2912 698 2955 se
731 2894 813 2974 ipsos
844 2894 1046 2971 tradiderunt,
1077 2900 1110 2955 ut
1142 2911 1196 2956 suo
1228 2893 1374 2974 sanguine
1397 2891 1481 2953 cives

301 3040 317 3081 ,
357 3001 529 3064 liberarent.
575 2997 668 3074 Multi,
692 3015 730 3058 ne
754 2996 863 3060 diutins
884 2999 994 3062 seditio
1018 2998 1154 3077 duraret,
1185 3018 1201 3061 a
1229 2998 1393 3059 civitatibus
1414 2988 1481 3060 'suis

301 3120 317 3179 .;
357 3108 560 3169 secesserunt.
605 3101 713 3164 Multos
738 3101 824 3163 etiam
845 3104 923 3164 inter
944 3120 1000 3165 nos
1020 3105 1228 3184 cognovimus,
1252 3099 1328 3181 ⁵qui
1349 3120 1382 3162 se
1399 3102 1481 3182 ipsos

301 3249 317 3289 3
356 3211 387 3273 in
409 3207 530 3271 vincula
553 3206 763 3287 conjecerunt,
795 3214 827 3268 ut
850 3207 924 3269 alios
948 3202 1166 3270 ⁶redimercnt.
1213 3207 1294 3269 Mulli
1326 3207 1355 3268 in
1379 3209 1481 3270 servi·

301 3353 317 3391 μ,
357 3321 451 3377 tutem
474 3331 509 3375 se
531 3313 614 3392 ipsos
637 3310 825 3390 addixerunt,
849 3318 880 3372 et
902 3317 1026 3392 accepto
1043 3313 1139 3392 pretio
1155 3312 1201 3373 sui
1218 3311 1291 3373 alios
1317 3303 1480 3373 'cibarunt
1587 3383 1591 3390 Ι

301 3458 310 3491 ,
357 3418 471 3481 Multae
494 3416 653 3492 mulieres,
675 3418 769 3498 gratia
794 3414 891 3477 divina
915 3416 1147 3494 corroboratae,
1175 3415 1270 3478 virilia
1292 3415 1381 3477 multa
1404 3432 1481 3498 ges-

301 3562 311 3595 ,
356 3526 473 3585 serunt.
519 3515 637 3581 ⁸Beata
660 3518 777 3595 Judith,
810 3536 876 3580 cum
907 3519 978 3580 urbs
1008 3518 1204 3581 circumsessa
1232 3525 1331 3596 esset,
1363 3518 1483 3601 rogavit

301 3658 306 3683 ,ν
357 3625 509 3700 seniores,
532 3628 564 3684 ut
578 3623 634 3684 sibi
650 3622 753 3683 liceret
768 3622 797 3682 in
813 3621 1046 3704 alienigenarum
1063 3630 1159 3686 castra
1176 3624 1278 3710 exirej
1303 3629 1333 3683 et
1348 3621 1481 3703 periculo

356 3748 394 3794 se
418 3729 576 3811 objiciens,
598 3732 722 3808 propter
744 3742 874 3788 amorem
897 3728 1011 3806 patriae
1034 3728 1197 3809 populique
1217 3726 1336 3791 obsessi
1355 3741 1482 3809 egressa

394 3935 424 4001 4)
445 3931 484 3984 Ad
497 3932 562 3983 haec
575 3933 680 3999 respicit
689 3933 816 3999 Origenes
826 3929 855 3983 T.
864 3930 906 3983 lll.
969 3933 999 4000 6)
1018 3932 1056 3984 lta
1074 3933 1134 3998 ttae
1160 3937 1374 3989 schoenemann
1396 3930 1483 3997 placet

353 4040 382 4091 p.
406 4021 465 4071 153.
485 4035 509 4086 p.
529 4019 580 4070 ³93
599 4019 640 4070 ed.
659 4018 740 4069 lluae.
934 4016 1105 4085 λυτρώσωνται.
1395 4070 1397 4074 ,

394 4108 424 4171 5)
444 4105 523 4170 Hujus
536 4106 574 4156 rei
587 4104 702 4171 exempla
715 4103 785 4155 dabit
797 4102 826 4155 B.
839 4103 907 4155 Pau·
969 4105 998 4172 7)
1016 4106 1087 4157 Hane
1104 4121 1195 4158 vocem
1220 4111 1324 4171 usurpat
1341 4101 1371 4155 B.
1390 4097 1482 4152 Paulus

352 4197 399 4248 lus
424 4193 458 4244 ad
481 4191 553 4244 stom.
574 4193 622 4258 16,
646 4193 670 4242 4.
695 4200 722 4243 at
746 4191 778 4242 ad
801 4188 907 4259 Philipp.
934 4189 1016 4242 lcar.
1037 4190 1078 4255 13,
1098 4191 1123 4242 3.

353 4284 385 4348 2,
404 4279 449 4331 30.
971 4277 999 4341 8)
1018 4277 1113 4329 Jadith.
1127 4280 1154 4345 8,
1172 4276 1214 4329 30.
1246 4277 1326 4330 Ulm-
1339 4276 1414 4327 Alex·
1427 4267 1445 4318 l·
1460 4279 1482 4314 0·

935 4378 961 4430 p.
980 4361 1040 4415 atr.
