3659 5209
370 581 398 636 S.
419 578 570 649 tonum]
810 575 1067 632 ebosuoottunn.
1439 572 1513 636 bxv·

481 739 626 822 Ipnotios
640 755 704 802 ooo
717 736 909 801 Antiochiam.
933 737 1154 819 Herpcstelltcr
1168 741 1235 803 and
1248 742 1502 822 ocrptcicbcndcr

488 847 566 909 Τρωὶ
587 845 643 906 snit
665 843 912 922 Anmerirnnpcn.
958 842 1119 924 flambarp
1140 844 1238 918 1847;
1262 852 1292 906 et

421 948 462 1035 2)
486 950 624 1032 Ipnatinr
646 967 707 1011 oon
730 946 918 1009 Antiocbicn
947 947 1013 1009 aad
1034 949 1121 1010 scine
1142 949 1218 1011 Zeit.
1264 948 1375 1011 Sicben
1397 949 1499 1013 Sand-

487 1055 646 1119 scincibcn
668 1072 710 1117 on
733 1054 788 1115 Dr.
812 1048 934 1132 depost
955 1052 1109 1114 Neonder.
1154 1051 1313 1134 Hombssrp
1336 1051 1434 1124 istm·

376 1179 416 1224 eo
448 1161 590 1239 consitio,
624 1165 656 1222 ut
689 1156 854 1221 sententiae
886 1154 1027 1219 Curetoni
1059 1157 1139 1220 inter
1172 1156 1337 1221 Germanos
1370 1156 1500 1222 asseclas

372 1264 565 1328 conduceret

460 1369 552 1431 Panto
575 1373 644 1449 post
666 1366 716 1429 Dr.
733 1365 795 1427 Jnt.
811 1363 904 1428 Harii.
923 1364 1115 1442 Patsonteos,
1138 1365 1169 1430 in
1185 1348 1386 1429 Universitute
1402 1365 1501 1428 Bero-

369 1473 480 1536 linensi
503 1458 679 1547 Professor,
711 1488 819 1533 novam
849 1469 1041 1551 epistolarum
1063 1470 1092 1533 S.
1116 1470 1221 1553 ignatii
1253 1470 1415 1532 editionem
1444 1469 1502 1532 nd·

348 1578 494 1641 'ornavit
517 1574 617 1660 (Lips.
645 1571 765 1658 1849);
788 1575 873 1655 cujus
896 1572 1116 1636 tundamentum
1136 1580 1223 1638 vetus
1244 1575 1292 1637 itta
1313 1583 1377 1636 erat
1399 1574 1500 1636 versio

370 1680 581 1758 Armeniaca,
613 1694 691 1760 quae·
714 1679 818 1742 seculo
842 1679 876 1757 V,
899 1685 932 1741 ut
954 1684 1086 1761 putatur,
1118 1689 1257 1758 exarata,
1280 1682 1341 1763 jarn
1364 1698 1390 1743 a.
1417 1676 1500 1744 1783

371 1785 629 1867 Constantinopoli
653 1785 736 1866 preto
760 1786 925 1877 impressa,
956 1784 1010 1846 sed
1039 1785 1135 1848 adbuc
1165 1787 1195 1848 in
1218 1786 1382 1850 Occidente
1413 1784 1501 1847 vatdo

370 1888 477 1968 ignota
511 1895 584 1951 erat.
628 1875 841 1951 Petermannus
874 1905 939 1949 enm
973 1889 1003 1949 in
1035 1891 1112 1950 notis
1143 1889 1180 1950 sd
1212 1896 1324 1952 textum
1355 1909 1499 1972 graecum

370 1993 509 2072 repetiit,
542 1998 571 2052 et
602 2010 670 2054 cum
701 1992 893 2054 versionibus
915 1990 1038 2071 Syriaca
1070 1996 1100 2052 et
1121 1984 1230 2054 Latinis
1260 2013 1318 2056 nee
1348 2013 1407 2057 non
1430 1989 1497 2059 cunr

373 2096 495 2158 Graeco
519 2096 651 2157 contulit.
697 2097 792 2170 Ouum
816 2113 850 2157 es
875 2111 937 2155 uon
960 2092 1054 2155 solum
1077 2102 1192 2175 septem
1220 2096 1282 2159 ilias
1304 2098 1407 2181 ignatii
1430 2101 1498 2181 epi-

371 2200 486 2277 stolas,
517 2216 591 2280 qnos
614 2217 670 2261 nos
693 2199 839 2281 genuinas
871 2188 1023 2279 putamus,
1055 2198 1109 2261 sed
1141 2205 1171 2261 et
1200 2217 1255 2262 sex
1286 2202 1357 2264 alias
1388 2223 1500 2285 easque
1541 2258 1544 2264 .

370 2305 493 2386 spurias
517 2306 683 2367 contineret
698 2301 738 2388 ¹),
763 2304 973 2367 Petermunnus
993 2304 1046 2365 bas
1071 2321 1176 2366 omncs
1198 2306 1226 2366 in
1244 2323 1327 2367 suam
1343 2307 1500 2369 editionem

370 2408 498 2489 recepit,
522 2407 628 2469 additis
651 2427 772 2490 quoqne
796 2396 904 2472 ceteris
928 2411 1060 2492 epistolis
1076 2410 1104 2474 S.
1121 2411 1234 2493 ignatio
1259 2418 1289 2472 et
1313 2411 1501 2475 beatissimae

370 2514 489 2596 Virgini
520 2512 596 2576 falso
629 2515 795 2596 adscriptis.
841 2517 978 2596 Denique
1008 2516 1176 2597 martyrium
1199 2515 1229 2579 S.
1253 2514 1356 2593 ignatii
1383 2516 1500 2597 adjecit.

373 2617 604 2698 Cornparatione
638 2625 771 2681 textuum
806 2626 835 2682 et
867 2622 1039 2683 versionum
1075 2621 1121 2681 vir
1151 2619 1339 2683 doctissimus
1373 2622 1403 2681 in
1436 2638 1500 2682 earn

371 2723 551 2786 sententium
575 2721 718 2786 adductus
743 2731 804 2801 est,
828 2731 858 2785 ut
882 2720 1086 2786 Armeniacum
1111 2725 1298 2802 versionem,
1322 2743 1499 2806 quamquam

372 2844 411 2888 ea
440 2844 508 2887 curn
541 2833 623 2888 textu
652 2827 765 2889 codicis
789 2828 932 2905 Medicei,
964 2827 990 2890 si
1019 2833 1110 2889 toturn
1145 2823 1282 2909 spectes,
1316 2830 1501 2907 conveniret,

371 2950 436 2993 non
460 2951 500 2992 ex
519 2931 577 2993 boc
597 2950 708 3014 graeco
731 2939 812 2994 textu
833 2933 885 2994 sed
906 2952 946 2994 ex
962 2933 1102 2994 versione
1119 2939 1221 2994 vetere
1236 2932 1372 3014 Syriaco
1396 2932 1500 2995 iactam

371 3032 591 3118 cognosceret,
616 3044 645 3098 et
669 3035 785 3116 quidem
809 3038 918 3098 exitia
941 3038 1056 3119 integra
1080 3045 1110 3099 et
1134 3055 1192 3099 non
1218 3037 1387 3116 decurtata,
1411 3040 1498 3121 cujus

372 3141 529 3218 epitomen
562 3138 729 3202 Curetonns
761 3131 923 3222 publicavit
938 3137 980 3225 ²).
1028 3140 1087 3218 ,Si
1123 3142 1189 3223 quis
1223 3158 1376 3222 opponere
1415 3144 1496 3224 vetit,
1527 3170 1530 3176 ·

409 3360 439 3423 1)
449 3359 498 3412 Ser
507 3363 570 3413 istae
579 3362 780 3431 epistotaesunt:
794 3364 819 3428 t)
831 3362 925 3416 Mariae
952 3369 998 3419 des
1008 3360 1271 3429 (Petermann'scbent
1283 3367 1415 3418 iisrssiscs
1428 3368 1499 3429 sicr,

371 3446 537 3500 Cassabotitis
564 3449 759 3518 adlgnntinm,
786 3446 814 3511 2')
834 3449 923 3518 lgnntii
951 3457 1018 3505 does
1043 3454 1159 3503 ndnsticb
1185 3454 1234 3503 dos
1253 3456 1421 3505 Amorsisctsc
1449 3466 1500 3504 oss

371 3551 415 3603 ep.
426 3536 462 3586 'sd
476 3535 576 3589 barem
588 3535 824 3604 Csssatvotitem,.3)
835 3537 923 3606 ignatii
951 3542 1009 3592 darn
1025 3541 1174 3606 Suriscbsn
1200 3541 1256 3591 arrd
1280 3541 1342 3592 sion
1368 3555 1420 3591 oves
1443 3540 1501 3590 ‹tsss

371 3623 405 3673 ad
425 3620 577 3686 Tarsenses,
596 3623 626 3690 4)
646 3623 759 3687 ejusdcm
777 3623 809 3674 ad
829 3625 922 3676 Antio·
952 3626 1245 3690 Curcton-Spriscbsn
1279 3628 1425 3689 territura,
1463 3626 1501 3678 ist

372 3707 486 3771 ebenus,
516 3708 544 3770 5)
562 3708 602 3777 ‚nd
629 3708 757 3762 Heronem
784 3718 810 3762 et
837 3710 865 3774 6)
890 3711 922 3762 ad
950 3715 1011 3765 trsin
1029 3714 1212 3778 acritnrrssipcr
1227 3713 1341 3777 Zrosisei
1357 3713 1500 3778 sntdssip,·

371 3793 558 3860 Philippenses.
951 3801 1024 3850 disse
1043 3800 1079 3849 ist
1097 3799 1169 3848 nirbt
1187 3799 1243 3848 cirta
1262 3799 1435 3865 t'srnrrntbnnp
1453 3801 1501 3847 der

409 3879 438 3943 2)
464 3874 540 3931 Pinus
564 3876 637 3931 ei'in
660 3875 821 3935 bae‘re'bnc
840 3882 922 3934 adni-
950 3885 1160 3936 sebsccnbsndcn
1188 3883 1350 3950 Phintonis,
1384 3883 1500 3936 sondmt

370 3966 476 4035 putatur
494 3966 520 4016 P.
536 3970 637 4035 Josepb
651 3971 767 4036 Koterps',
785 3967 923 4034 Presbyter
950 3974 1007 4023 eins
1024 3971 1187 4022 cntscbiedcn
1206 3973 1388 4035 sospesnsctttc
1405 3968 1499 4018 Suebo.

371 4061 400 4103 et
422 4048 559 4103 Monachus
578 4050 743 4104 nantoniacus
758 4070 784 4111 ‚e
808 4070 921 4122 congre·
950 4059 1038 4109 Sciron
1068 4059 1145 4125 tasse
1175 4072 1234 4107 soor
1265 4059 1306 4106 dia
1335 4053 1501 4106 armeniacos

370 4140 478 4206 gerione
491 4138 658 4190 celeberrima
676 4143 922 4194 Mccbitaristnrnnr
950 4145 1069 4210 Sprssiss
1080 4144 1170 4194 disson
1181 4143 1344 4208 Briefs’sins
1361 4138 1499 4215 t'srtepsn·

371 4224 505 4287 Viennae,
525 4226 550 4274 in
568 4229 705 4287 Schoinos,
723 4223 866 4277 Zeitscbriit
883 4228 923 4278 t'br
949 4231 1002 4280 deit
1018 4231 1066 4296 fair
1083 4231 1126 4280 dis
1137 4231 1319 4280 ormentscben
1332 4222 1500 4286 Pbitotopess3

371 4309 469 4361 batbot.
487 4308 610 4377 Theolog.
631 4310 705 4360 1852.
725 4327 750 4378 p.
769 4310 829 4378 319,
854 4315 922 4364 scri·
950 4316 1071 4367 densitati
1083 4330 1142 4365 soar
1154 4330 1183 4366 ss
1200 4316 1248 4381 fris·
1260 4313 1300 4362 sis
1314 4323 1358 4360 ans
1372 4321 1403 4354 oc
1415 4306 1499 4355 ritca·-

370 4397 450 4450 bensr
467 4400 522 4466 „ln
534 4397 637 4468 Botrsff
645 4398 923 4469 dcsScdsnsrpnnbtes
948 4403 1125 4466 cnstanter,
1152 4400 1194 4450 sts
1213 4398 1370 4450 remmam
1387 4393 1435 4444 stit
1452 4392 1500 4447 dtr
