3659 5209
464 515 756 574 neumasensium.
794 521 890 575 LIBER
910 525 939 577 ii.
977 526 1186 595 nauunnjttt.
1203 531 1246 587 lV.
1351 538 1415 605 349

292 675 354 739 dixi
378 677 435 740 illi.
460 697 647 761 ,numquam
670 681 798 762 domine,
822 684 897 748 haec
920 688 1011 751 verba
1036 696 1093 752 tam
1110 690 1269 774 diligenter
1285 695 1412 760 audivif‘

290 781 329 845 Et
351 782 437 844 dixit
447 785 538 848 mihi:¹
556 806 654 866 „nunc
677 787 775 865 audis;
800 807 870 852 cura
887 791 1040 875 deinceps,
1066 798 1216 878 metilia,
1241 819 1317 882 quae
1332 807 1414 884 prius

291 887 408 951 locutus
432 907 465 951 es
489 873 562 952 salsa
584 910 640 974 pro
664 896 793 976 negotiis
817 898 884 976 tuis,
907 898 953 961 his
976 902 1076 963 verbis
1099 908 1129 965 et
1149 903 1200 965 illa
1223 905 1309 968 fidem
1330 910 1414 971 rcci-

290 995 380 1076 piant.
426 996 554 1059 Possunt
584 999 661 1081 enim
691 1007 721 1062 et
750 1001 798 1063 illa
829 1001 917 1065 fidem
948 1005 1102 1086 recipere,
1137 1010 1163 1070 si
1193 1028 1265 1072 vera
1295 1012 1414 1078 locutus
1497 1074 1500 1080 ,

291 1099 384 1160 fueris
398 1098 568 1221 deiqceps3
1029 1163 1031 1167 .

249 1228 252 1235 ·
294 1199 372 1266 ’ἐάν
389 1181 426 1266 εἶν
442 1198 498 1290 τήν
514 1200 671 1293 ἀλήθειαν
685 1200 878 1296 ςοονῑοίξῃς,Ι
895 1220 925 1277 et
940 1215 967 1276 si
982 1216 1136 1278 veritatem
1153 1220 1335 1301 servaveris,
1353 1241 1413 1304 po-

288 1303 405 1396 δυνήσῃ
426 1327 547 1402 οεαντῳ
570 1305 651 1398 ζωήν
668 1306 837 1429 montmorr'-
867 1320 938 1381 teris
963 1320 1051 1382 vitam
1076 1324 1231 1404 consequi.

287 1417 420 1480 σοσθοι.

286 1521 324 1583 Et
346 1523 525 1605 quicumque
548 1524 672 1588 audierit
694 1526 754 1588 hoc
776 1527 954 1610 mandatum,
978 1537 1008 1592 et
1030 1530 1145 1613 iecerit,
1169 1541 1199 1596 et
1214 1537 1409 1601 recesserita

287 1627 465 1710 mendacio,
489 1631 570 1695 vivet
592 1630 687 1695 Deo.“

716 1792 902 1924 Mandatum
913 1782 917 1787 ι
929 1846 980 1970 tit.
997 1908 999 1913 .

632 2020 681 2082 Dc
703 2019 888 2101 dimittendo
911 2020 1064 2109 udutteru.

328 2145 506 2222 witonus
533 2155 588 2244 τήν
618 2152 762 2242 dyvetav,
783 2153 835 2220 καὶ
904 2161 924 2222 Ι.
951 2160 1116 2238 ,Mando,“
1141 2162 1197 2241 ait,
1234 2163 1325 2244 „tibi,
1349 2162 1409 2229 ²ut

279 2252 541 2348 ndsscc'vcgave'vm
560 2257 615 2327 ἐπὶ
633 2256 689 2350 τήν
703 2260 842 2350 καρδίαν.
861 2266 1024 2328 castitatem
1054 2265 1221 2345 custodias,
1255 2263 1314 2328 ³et
1346 2288 1406 2333 mou

280 2387 346 2431 σου
376 2366 455 2454 περὶ
487 2366 628 2452 γυναικός
657 2364 833 2454 ἀλλοτρίας,
860 2368 1009 2446 ascendat
1023 2371 1074 2431 tibi
1097 2371 1237 2452 cogitatio
1253 2371 1352 2433 cordis
1369 2373 1406 2435 de

279 2463 321 2556 ἢ
327 2470 406 2558 ’περὶ
429 2469 577 2559 πορνείας
599 2466 693 2551 τινος,
715 2463 735 2558 ἢ
757 2470 834 2593 anaqi
859 2473 957 2535 alieno
974 2476 1169 2554 matrimonio,
1187 2482 1237 2538 aut
1253 2475 1291 2538 de
1307 2475 1406 2539 forni-

280 2566 455 2641 τοιούτων
451 2574 636 2661 ὀνομάτων·
658 2578 755 2642 τοῦτο
773 2600 832 2666 γαρ
860 2580 992 2655 catioue;
1015 2580 1090 2644 haec
1101 2582 1183 2648 enim
1199 2583 1276 2661 parit
1291 2600 1404 2662 pecca-

259 2686 407 2748 ’ποιῶν
422 2681 456 2766 αι
444 2681 582 2772 ιαρτίον
612 2675 796 2807 neydtqv'
779 2707 829 2772 ao-
859 2690 919 2746 tum
935 2698 1082 2767 magnum.
1113 2686 1157 2747 Tu
1173 2691 1269 2747 autem
1286 2704 1404 2767 semper
1430 2752 1434 2756 ,

280 2781 387 2874 γάζῃκ
409 2827 422 2852 .·
441 2812 453 2851 .·
481 2777 654 2853 Βλέπε
615 2810 684 2868 ουν·
705 2784 832 2869 ἀπέχου
858 2808 972 2864 memor
1004 2796 1075 2850 esto·
1101 2789 1234 2867 Domini,
1269 2792 1404 2854 omnibus

279 2884 353 2958 ἄπο
385 2899 443 2981 τῆς
474 2888 675 2982 ἐνθυμήσεως
705 2881 835 2978 ταύτης,
857 2892 950 2972 horis',
974 2901 1177 2974 otuumquam
1192 2894 1341 2974 peccabis.
1367 2895 1403 2967 ·s‚i

249 3032 257 3039 «
281 3002 362 3062 enim
384 3000 459 3063 haec
482 3001 622 3084 cogitatio
646 3001 674 3061 in
700 3017 754 3062 cor
778 3006 857 3061 tuum
881 2998 1050 3061 ascenderit
1072 3004 1132 3060 tam
1153 2999 1237 3077 mala,
1265 3017 1403 3082 magnum

259 3112 437 3187 ·‘peccatum
454 3104 542 3181 iacis3
567 3112 596 3167 et
612 3105 662 3185 qui
677 3104 752 3165 haec
768 3103 887 3182 faciunt,
909 3104 987 3166 viam
1003 3105 1106 3167 mortis
1121 3111 1295 3184 sequuntur.
1328 3104 1418 3177 Vide.
1529 3095 1540 3176 ’,
1580 3159 1583 3167 ,

279 3218 432 3292 ergo'tu3
455 3211 570 3274 abstide
594 3216 622 3272 te
646 3211 681 3272 ab
705 3210 760 3272 hac
783 3210 974 3291 cogitatione.
1005 3209 1060 3270 Ubi
1076 3210 1154 3273 euim
1170 3210 1289 3270 castitas
1305 3217 1403 3273 manet

276 3316 310 3377 irr
335 3314 427 3377 corde
449 3316 575 3378 hominiis
597 3317 685 3399 justi,
716 3333 874 3395 numquam
897 3313 1129 3377 ibi-ascendere,
1148 3313 1238 3376 debet
1260 3314 1401 3399 cogitat-io

276 3419 402 3482 mala.“-
431 3421 468 3483 Et
490 3421 551 3483 dixi
573 3422 629 3482 illi:
663 3420 980 3502 „domine,<permitte
1002 3437 1049 3481 me
1072 3438 1166 3499 pauca
1189 3421 1281 3508 verba
1305 3427 1402 3484 tecum
1504 3464 1507 3468 -

276 3523 390 3606 loqui.“
439 3524 547 3605 ,,Ι)ἰο,’α
566 3526 695 3606 inquit·
719 3524 755 3587 Et
777 3524 837 3587 dixi
860 3525 918 3587 illi:
951 3511 1244 3606 ,domine,'si'quis
1266 3526 1422 3613 habuerit=

275 3647 405 3693 uxorem
427 3629 544 3692 fidelem
567 3610 596 3692 in
612 3629 749 3709 Domino,
774 3636 803 3691 et
826 3630 901 3692 hanc
923 3629 1070 3691 invenerit
1089 3629 1117 3690 in
1134 3623 1288 3709 adulterio,
1311 3643 1400 3693 num-

274 3734 349 3815 quid
372 3741 481 3815 peccat,
498 3735 553 3811 vir,
577 3734 603 3796 si
626 3736 764 3798 convivat
788 3754 853 3798 cum
876 3736 970 3799 ittat“
1009 3736 1046 3798 Et
1068 3735 1141 3798 dixit
1161 3737 1247 3798 mihi:
1272 3756 1399 3817 ,quam-

275 3837 328 3900 diu
350 3839 446 3900 nescit
468 3845 621 3922 peccatum
645 3839 727 3920 ejus,
752 3841 818 3902 sine
840 3841 969 3902 crimine·
987 3846 1033 3901 est
1054 3840 1100 3907 vir
1124 3841 1228 3902 vivens
1252 3859 1318 3902 cum
1340 3840 1398 3901 itta.

275 3938 338 4008 ⁴Si
360 3949 457 4005 autem
479 3943 580 4005 scierit
601 3944 665 4021 vir,
695 3961 822 4008 uxorem
844 3949 928 4008 suam
953 3944 1131 4024 deliquisse,
1163 3952 1193 4007 et
1218 3961 1278 4007 non
1302 3944 1398 4027 egerit
1428 4032 1439 4045 l

312 4115 339 4179 1)
358 4113 398 4167 Ex
417 4104 509 4170 Doctr.
528 4118 562 4169 ud
579 4119 695 4171 distinct.
714 4117 730 4169 t.
750 4134 771 4170 e.
850 4100 858 4127 '²
882 4119 912 4184 4)
933 4118 1031 4171 Gitatur
1060 4126 1149 4170 noster
1178 4118 1249 4169 locus
1276 4131 1291 4166 a
1317 4120 1396 4192 Petro

306 4204 340 4271 2)
358 4202 399 4254 Ex
417 4205 506 4256 Doctr-
526 4205 560 4256 ad
577 4206 693 4257 Antioct.
712 4219 736 4255 n.
755 4204 780 4254 4.
811 4232 828 4240 >‹
848 4208 994 4260 bernbardo
1009 4205 1089 4271 (Scut.
1102 4204 1121 4256 1.
1134 4202 1176 4256 IV.
1192 4204 1249 4255 dist.
1261 4203 1303 4255 35.
1316 4205 1395 4270 md.)

269 4304 274 4310 ’
307 4291 338 4357 3)
351 4289 492 4358 Forteieg.
503 4284 666 4351 ὀναβαινεοω,
688 4298 715 4341 ut
727 4289 821 4342 Graeca
849 4300 874 4343 et
893 4307 908 4343 a
929 4294 1055 4346 Gratiano
1074 4308 1096 4343 c.
1116 4291 1131 4342 t
1152 4290 1246 4365 (Cous,
1259 4290 1302 4357 ct,
1317 4308 1342 4359 q.
1358 4289 1395 4358 1),

270 4379 385 4433 versioni
403 4378 521 4447 antiquae
540 4363 711 4430 cohaereant(
845 4383 1008 4448 mutatusque
1017 4381 1052 4437 ju
1063 4377 1192 4433 Cononem
1207 4378 1318 4434 cernitur
1328 4374 1396 4446 apud
