3659 5209
350 569 380 626 s.
399 568 606 640 αττεμπτ]
788 567 1044 624 εοοιετοιιτυι.
1416 574 1480 627 xxv

399 734 430 797 0.
447 731 476 796 5.
507 727 633 818 Πέτρος
721 727 807 794 οὕτω
822 751 904 852 μαρ-
975 731 1006 794 0.
1030 729 1060 795 9.
1105 726 1163 804 Είς
1190 728 1244 796 τόν
1274 721 1481 819 ὀφειλόμενον

350 834 493 922 τυρήσας
507 828 717 924 ἐπορεόδή
686 856 734 909 εις
746 858 802 899 τον
813 856 903 922 οῳει
930 826 1038 909 αὐτοῖς
1074 826 1177 900 τόπον
1212 832 1273 902 εἰσὶ
1307 832 1397 926 παρά
1433 843 1482 922 τῷ

351 931 481 1023 λόμενον
502 931 606 1006 τόπον
627 947 684 1026 τῖς
707 931 812 1025 δόξκς.
930 937 1039 1028 κυρίῳ.

393 1048 473 1112 0,.7.
509 1041 573 1112 Διό
596 1042 825 1127 ἀπολείπωμεν
846 1035 905 1116 τάς
975 1046 1006 1108 0.
1025 1045 1053 1108 7.
1091 1042 1155 1112 Διό
1176 1038 1407 1123 άπολείποντες
1427 1041 1481 1134 τήν

350 1142 440 1226 κενάς
471 1149 522 1215 καὶ
535 1231 538 1234 ἦ
553 1145 689 1234 ματαίας
718 1144 903 1238 φροντίδας,
929 1138 1127 1234 ματαιότήτα
1164 1155 1227 1214 ταῖν
1263 1151 1393 1217 πολλῶν

349 1252 403 1320 καί
422 1250 569 1338 ἔλθωμεν
587 1253 645 1320 ἐπὶ
662 1253 716 1319 τόν
733 1246 839 1340 εόκλεῆ
852 1249 905 1316 καὶ
931 1248 986 1316 ἐπὶ
1008 1246 1065 1317 τόν
1086 1252 1122 1332 ἐξ
1143 1247 1242 1343 ιῖρχής
1271 1246 1346 1342 ήμῖν
1376 1279 1480 1344 παρα-

351 1354 464 1442 σεμνόν
482 1366 537 1449 τῆς
556 1357 648 1446 άμίας
664 1352 800 1447 κλήσεως
817 1349 905 1444 ήμιόν
932 1357 1071 1423 δοθέντα
1093 1351 1189 1444 λόγον
1210 1354 1467 1451 ἐπιστρέψωμεν.

349 1456 472 1532 κανόνα.

397 1570 429 1636 G.
454 1570 483 1634 9.
526 1565 591 1636 Διό
613 1559 842 1652 άπακοόσωμεν
864 1565 905 1653 τῇ
976 1569 1007 1634 G.
1024 1571 1053 1635 2.
1091 1561 1156 1634 Διό
1172 1563 1408 1653 ἀναζωσάμενοι
1424 1565 1483 1645 τάς

349 1673 591 1762 μεγαλοπρεπεῖ
609 1673 663 1743 καὶ
684 1665 803 1757 ἐνδόξῳ
823 1674 903 1755 βου-
932 1664 1055 1762 όσῳόας
1088 1671 1174 1758 ὑμῶν
1207 1672 1399 1742 δουλεάσατε
1436 1676 1483 1760 τῷ

350 1772 444 1867 λήσει
471 1772 571 1844 αὐτοῦ
593 1780 715 1866 (Θεοῦ)
739 1825 786 1842 ...
818 1770 902 1842 άπο-
934 1781 1004 1864 Θεῷ
1019 1778 1052 1845 ἐν
1063 1777 1157 1867 φόβῳ
1171 1779 1224 1846 καὶ
1239 1773 1387 1868 άλη-δείρ,
1399 1778 1482 1846 άπο-

350 1869 502 1961 λιπόντες
554 1882 608 1971 τήν
659 1879 904 1968 ματαιοπονίαν,
931 1879 1079 1958 λιπόντες
1088 1878 1143 1971 τήν
1151 1880 1234 1971 κενήν
1242 1884 1481 1972 ματαιολιήίαν,

350 1982 409 2076 τήν
432 2011 467 2054 τε
491 1985 556 2076 ἔριν
578 2013 605 2052 κ.
628 2012 655 2051 τ.
679 1989 706 2051 λ.
933 1984 1061 2074 καὶτήν
1080 1995 1143 2052 τῶν
1164 1990 1293 2054 πολλῶν
1316 1982 1447 2077 πλάνήν.

403 2093 503 2158 013
542 2089 748 2176 Μεμνημένοι
770 2095 833 2153 τοῖν
853 2085 905 2151 λό
979 2093 1009 2156 0.
1034 2090 1063 2154 2.
1101 2087 1357 2178 Μνήμονεόοντες
1379 2083 1465 2161 δὲ’
1439 2117 1482 2158 ων
1552 2174 1558 2183 .

352 2218 417 2283 μων
435 2196 495 2259 τοῦ
508 2193 669 2282 κυρίου
633 2186 739 2271 Ἰασοῦ,
762 2184 818 2269 σός
834 2181 906 2258 ἐλά·
934 2185 1073 2262 είπεν
1055 2217 1073 2259 ο
1098 2191 1205 2283 κόριος
1234 2190 1462 2265 διδάσκων..

353 2301 449 2388 λήσεν
473 2290 682 2364 διδάσκων·.
747 2286 906 2416 ῳμέτριρ
932 2298 1023 2387 ἐνῳ
1056 2297 1164 2388 μέτρῳ
1196 2306 1355 2391 μετρεῖτε,
1392 2324 1481 2368 αντι-

350 2408 507 2490 μετρεῖτε,
523 2402 557 2471 ἐν
570 2402 682 2490 αὐταῖς
669 2394 906 2566 μετρηθήσεται
931 2326 1169 2496 μετόήθήσεται
1193 2397 1276 2489 όμῖν.

352 2509 437 2594 ὑμῖν.

399 2616 431 2680 0.
455 2613 506 2681 21.
544 2604 628 2695 ’λδωρ
631 2636 691 2692 ιεν,
721 2619 792 2689 πῶς
814 2602 906 2699 ἐμνός
977 2618 1009 2682 0.
1034 2615 1063 2682 4.
1108 2621 1139 2684 Γ
1134 2635 1386 2695 ινωσκοισας,
1386 2613 1485 2682 .ό’τι

351 2716 438 2785 εστιν
460 2708 499 2805 (ό
520 2710 659 2806 κόριος),
682 2716 732 2783 καὶ
748 2715 799 2786 ὅτι
814 2713 906 2784 οὐδὲν
931 2714 1037 2786 πάντα
1055 2726 1334 2803 μωμοσκοπεῖται,
1356 2744 1410 2785 και
1400 2716 1482 2784 λέ-

351 2820 488 2911 λέλήδεν
532 2816 627 2888 αὐτόν
675 2823 739 2888 τῶν
785 2820 1031 2913 ἐννοιῶνιλήθεν
1060 2819 1155 2891 αὐτόν
1186 2817 1292 2904 οὐδὲν,
1324 2815 1400 2890 οότε
1426 2824 1482 2891 λο-

350 2921 455 3017 ήμῶν,
488 2920 562 2993 οὐδὲ
592 2928 656 2993 τοῖν
686 2927 904 3012 διαλογισμῶν,
930 2929 1076 3014 μισμαῖν,
1089 2922 1164 2995 ὀὔτε
1186 2928 1324 3009 ἐννοιῶν,
1354 2921 1429 2995 οὔτε
1451 2952 1484 2994 τι

352 3023 396 3097 ὧν
407 3023 641 3117 ποιούμεθα...
659 3023 836 3119 Ἑρευνιμής
845 3020 905 3121 γάρ
931 3035 996 3100 τῶν
1016 3041 1164 3126 κρυπτῶν
1184 3042 1241 3124 τῆς
1261 3033 1403 3124 καρδίας.

351 3135 440 3205 ἐστιν
461 3135 587 3205 ἐννοιοῖν
614 3135 667 3202 καὶ
694 3127 903 3224 ἐνθυμήσεων.
944 3156 948 3163 ’

397 3245 468 3309 lbid.
511 3236 596 3319 Τοδς
617 3238 708 3317 νέους
723 3232 902 3308 παιδεόσω-
973 3245 1046 3309 lbid.
1080 3233 1269 3326 Διδοίξωμεν
1353 3237 1411 3318 τάς
1425 3265 1479 3328 yv-

349 3368 407 3430 μεν
439 3343 492 3434 τήν
521 3344 673 3412 παιδείαν
694 3339 763 3413 Ιτοιῖ
794 3337 904 3435 φόβου
930 3351 1038 3422 ναῖκας
1066 3337 1155 3428 όμοῖν
1182 3338 1421 3437 (πορεύεσθαι)
1449 3345 1482 3412 ἐν

350 3457 412 3518 τοῦ
436 3450 537 3530 Θεοῦ,
569 3446 629 3529 τάς
649 3452 794 3538 γυναῖκας
818 3448 912 3538 ήμιιῖν
930 3458 970 3540 τῇ
991 3449 1128 3539 δοθείσῃ
1141 3448 1266 3526 ἀὐταῖς
1293 3448 1401 3519 πίστει
1429 3449 1481 3517 καὶ

350 3553 411 3624 ἐπὶ
429 3549 468 3621 τό
486 3546 611 3640 ἀγαθόν
630 3545 902 3646 διοριδωσιόμεδα.
930 3544 1041 3643 α’γόπῃ
1062 3554 1115 3620 καὶ
1136 3547 1243 3641 άμνείρ
1257 3603 1265 3618 .
1278 3603 1306 3619 ..
1328 3555 1381 3622 καὶ
1401 3550 1479 3642 α’γα-

355 3653 402 3727 Τό
436 3651 653 3747 άξιαμάπήτον
686 3661 744 3747 τῆς
776 3651 903 3745 άγνείας
929 3652 1043 3735 πόσας
1061 3658 1186 3737 πάντας
1206 3657 1241 3738 ἐξ
1257 3658 1330 3728 ῖσου
1345 3659 1377 3728 ἐν
1391 3654 1481 3749 πάσῃ

349 3752 435 3882 ήθρς
464 3755 740 3848 ἐνδειξάσδωσαν,
848 3758 902 3852 τήν
930 3762 1111 3884 ἐμκρατείρ·
1142 3763 1196 3830 καὶ
1223 3762 1265 3830 τά
1286 3764 1379 3832 τέκνα
1400 3788 1478 3831 παι·
1524 3813 1560 3857 Υ.

349 3857 475 3954 άγάπην
496 3865 600 3934 αὐταῖν
620 3866 664 3957 μή
689 3863 769 3936 κατά
799 3890 900 3957 προς-
930 3869 1032 3939 δεύειν
1053 3863 1109 3957 τήν
1131 3866 1282 3938 παιδείαν
1299 3871 1358 3937 τοῦ
1372 3860 1481 3958 φόβου

348 3967 482 4050 κλίσεις,
512 3965 593 4081 άλλά
621 3980 739 4040 πᾶσιν
747 3980 818 4049 τοῖς
839 3995 901 4062 φο-
929 3981 988 4076 τοῦ
1011 3975 1102 4040 Θεοῦ.

345 4073 449 4160 βουμΙ
425 4098 518 4152 ιενοις
527 4068 589 4143 τάν
608 4070 689 4146 Θεόν
704 4076 848 4160 άσίως,”
832 4099 902 4166 ισήν
1173 4064 1176 4069 ’

346 4176 586 4270 παρεχέτωσαν.
1551 4255 1556 4263 ,

393 4285 433 4374 b)
457 4289 541 4363 Quae
556 4271 706 4354 Ιιεοιιειω
724 4289 762 4353 de
778 4289 906 4372 epistola
922 4288 1073 4354 Romanae
1088 4290 1237 4354 ecclesiae
1253 4288 1290 4353 εδ
1307 4283 1477 4348 Corinthios

460 4391 573 4474 refert,
603 4395 719 4476 optime
741 4393 927 4479 respondent
954 4392 1049 4459 indoli
1073 4399 1201 4463 nostrae
1233 4390 1386 4474 epistolae.
1431 4388 1477 4452 En

1216 4495 1270 4558 B*
1299 4489 1312 4505 ⁸
