3659 5209
560 522 696 590 mama
714 533 848 633 rnsrca.
884 525 981 589 arana
999 534 1030 588 u.
1066 535 1262 590 urrunnu.
1356 508 1362 516 ’
1409 541 1472 607 353

350 691 406 758 καὶ
425 683 553 758 πάντων
567 694 789 783 τῶνττονηραῖν
804 689 901 783 ἔργον
928 716 1052 779 operum
1067 682 1317 780 nequissimorum
1334 699 1474 766 domina·

351 789 621 887 κατακυριεύσας,
637 800 692 866 καὶ
706 798 820 888 ἐργάσῃ
838 799 902 864 rcci-
928 803 1019 881 beris,
1044 798 1074 865 et
1096 805 1270 885 operaberis
1287 811 1404 868 ornnem
1417 809 1472 890 ju-

351 925 412 971 σαν
455 896 661 991 δικαιοσύνην.
696 935 699 939 ·
730 897 798 970 Ἐοέν
842 899 901 992 γαρ
929 906 1044 968 stitiam.
1090 907 1210 1003 Quodsi,
1231 910 1346 990 patiens
1370 904 1473 989 fueris,
1566 966 1568 970 ,

351 1001 564 1096 μακρόθυμος
600 1005 671 1097 ἔσῃ,
709 1003 748 1074 nd
780 1009 903 1091 πνεῦμα
929 1008 1056 1091 Spiritus
1079 1018 1209 1092 sanctus,
1236 1014 1286 1094 qui
1309 1013 1420 1076 habitat
1443 1016 1472 1077 in

352 1107 514 1198 τόἅγιον,
536 1121 703 1180 κατοιιιοῠν
722 1111 753 1180 ἐν
767 1111 827 1193 σοὶ,
850 1137 902 1178 κα-
928 1121 968 1192 te,
991 1117 1118 1181 mundus
1142 1105 1207 1197 erit,
1231 1124 1260 1201 et
1282 1136 1343 1181 nnn
1360 1119 1474 1181 obscu-

350 1216 460 1306 θαρόυ
490 1214 594 1296 ἐσται,
623 1215 667 1304 μή
695 1210 904 1306 στοτούμενον
928 1220 1040 1283 rabitur
1052 1221 1087 1284 ab
1100 1221 1199 1303 aliquo
1211 1222 1394 1303 nequissima
1408 1222 1474 1302 spi-

351 1317 423 1388 ὑπο
456 1323 598 1411 πονηροῦ
628 1308 826 1406 Ιπνεύματος,
859 1319 902 1409 μή
928 1323 985 1386 ritu
993 1344 1003 1399 ;
1025 1325 1079 1386 sed
1095 1327 1230 1407 gaudens
1246 1326 1423 1404 dilatabitur,
1445 1331 1474 1388 et

349 1418 524 1512 μιοὺμενον
553 1426 588 1514 [f.
611 1418 808 1513 μειούμενον]
836 1420 903 1491 airrd
929 1427 1096 1508 epulabitur
1111 1430 1141 1491 in
1156 1447 1240 1508 vase,
1263 1430 1293 1492 in
1310 1447 1369 1511 quo
1385 1429 1474 1492 inha-
1499 1509 1504 1518 .

305 1626 308 1633 1
345 1533 409 1620 τῆς
432 1528 609 1614 ὀξυχολλας.
627 1578 634 1594 .
651 1578 681 1595 ..
929 1533 1010 1612 nitar,
1034 1541 1063 1596 et
1081 1535 1233 1615 apparebit
1251 1535 1378 1597 Domina
1394 1533 1474 1596 bila·
1510 1548 1515 1555 “

928 1637 971 1699 ris
983 1639 1011 1700 in
1025 1656 1100 1719 pace
1113 1657 1219 1722 magna
1234 1637 1251 1701 ¹.
1286 1638 1399 1714 Quodsi
1411 1640 1475 1702 ira-

929 1742 1035 1805 cundia
1051 1744 1149 1825 aliqua
1161 1745 1380 1826 supervenerit,
1397 1762 1475 1808 con-

844 1885 849 1895 ι
930 1846 1011 1909 tinuo
1028 1846 1154 1929 Spiritus
1175 1856 1307 1929 sanctus
1330 1849 1380 1931 qui
1400 1849 1429 1910 in
1447 1855 1477 1910 te

854 2033 855 2037 ρ
930 1955 986 2027 est,
998 1952 1221 2032 angustiabitur,
1239 1953 1477 2034 etquaeret'dis-

931 2052 1049 2114 cedere.
1081 2053 1249 2119 suffocatur
1272 2060 1349 2120 enirn
1373 2077 1389 2120 a
1410 2058 1476 2140 spi-

929 2156 997 2218 ritu
1018 2158 1217 2238 nequissimo,
1246 2167 1277 2224 et
1304 2162 1477 2224 nonhabet

856 2273 858 2279 “
930 2259 1215 2343 locumapparendi,
1231 2265 1308 2326 sicut
1323 2264 1402 2340 vult3
1419 2265 1476 2325 tri·

401 2357 583 2453 Ἀμφότεροι
605 2352 660 2428 οὖν
682 2354 723 2428 τοὶ
740 2353 906 2445 πνεύματα
930 2365 1047 2428 bulatur
1062 2367 1139 2428 enim
1156 2368 1191 2429 ab
1207 2367 1368 2430 iracundia.
1392 2367 1476 2428 Utri-

350 2460 545 2557 οἷσύμφορόν
567 2465 653 2534 ἐστιν
676 2462 832 2549 ἐνταύτῷ
848 2489 902 2530 κα-
931 2483 991 2548 que
1013 2487 1089 2551 ergo
1112 2471 1230 2553 spiritus
1254 2490 1343 2552 quum
1365 2471 1477 2552 pariter

350 2577 482 2640 τοικεῖν.
511 2564 580 2637 bria
601 2570 661 2660 γάρ
683 2567 786 2651 λαβεῖν
806 2567 904 2657 α’ψιν-
930 2571 1100 2653 inhabitant,
1123 2577 1324 2656 perniciosum
1347 2584 1394 2639 est
1416 2575 1476 2637 ho-

351 2676 439 2744 θίου
458 2673 581 2764 μικρὸν,
608 2673 653 2751 εἰς
676 2665 826 2764 κεράμιον
847 2672 903 2757 μέ-
930 2677 1010 2738 mini.
1044 2678 1074 2742 Si
1097 2680 1163 2760 quis
1179 2681 1257 2745 enirn
1273 2687 1403 2744 assumat
1418 2680 1475 2742 ab·

350 2783 443 2858 λιτος
474 2778 602 2868 ἐπιχέῃς
610 2827 633 2858 ,-
653 2775 724 2861 οὐχὶ
760 2772 834 2843 ὅλον
863 2772 903 2843 cd
930 2779 1030 2842 sintbii
1055 2783 1214 2864 pusillum,
1254 2791 1284 2846 et
1321 2786 1413 2846 miliat
1445 2783 1475 2844 in

350 2883 427 2970 μέλι
447 2879 658 2976 vincentianae,-
679 2879 731 2947 “καλ
750 2882 904 2946 τοσοῦτον
931 2883 1100 2965 amphoram
1124 2889 1235 2965 mellis;
1257 2907 1357 2953 nonne
1381 2892 1473 2950 tntum

346 2988 428 3076 ,μέλι
449 2981 516 3055 ind
537 2996 596 3055 τοῦ
617 2983 785 3069 ἐλαχίστου
800 2979 901 3074 α’ψιν-
931 2988 988 3049 net
1004 2992 1272 3054 exterminabitur?
1302 2991 1340 3055 Et
1362 2998 1474 3053 tantum

349 3092 438 3160 θίου
460 3085 662 3160 οἶττόλλυται.
679 3139 710 3156 ..
930 3091 1178 3159 mellisamadico
1187 3096 1334 3159 absinthio
1342 3095 1475 3177 disperit,

931 3202 961 3258 et
981 3197 1080 3287 perdit
1102 3196 1288 3262 dulcedinem
1311 3198 1405 3261 mellis
1412 3218 1421 3274 ;
1446 3203 1477 3259 et

727 3334 729 3346 ι
843 3368 846 3373 ,
871 3307 873 3311 ’
926 3300 987 3382 jam
1003 3319 1063 3364 non
1079 3302 1167 3365 habet
1182 3293 1306 3386 gratiam
1322 3301 1401 3383 apud
1416 3299 1476 3363 do·

930 3405 1038 3468 minum
1050 3424 1146 3486 suum,
1163 3408 1302 3488 quoniam
1314 3413 1407 3470 totum
1419 3405 1477 3468 mel

930 3527 1060 3573 amaruan
1077 3509 1187 3574 sactum
1203 3517 1249 3574 est
1264 3517 1294 3573 et
1305 3529 1391 3574 usum
1402 3528 1477 3592 per-

401 3605 467 3678 Ἐοῖν
485 3609 522 3677 δὲ
536 3609 584 3686 εἰς
598 3606 638 3677 τό
653 3609 728 3693 μέλι
743 3607 781 3676 od
794 3611 904 3698 βληθῇ
931 3611 1019 3694 didit,
1041 3614 1099 3679 Sed
1123 3615 1149 3677 si
1172 3614 1201 3677 in
1225 3615 1283 3679 mel
1298 3633 1359 3678 nan
1375 3614 1476 3676 mitta-

353 3713 396 3782 τὸ
417 3710 589 3803 dimicabam,
611 3711 702 3801 μλυκύ
724 3706 904 3803 εὑρίσκεται
930 3722 979 3779 tur
994 3718 1181 3799 absinthium,
1205 3719 1293 3782 dulce
1312 3719 1377 3797 erit,
1401 3723 1431 3778 et
1447 3717 1477 3777 in

353 3817 395 3886 τό
416 3816 499 3901 μέλι,
520 3817 573 3885 καὶ
590 3810 762 3907 εὔχρηστον
776 3816 905 3893 πάντας
931 3839 988 3883 usu
1020 3821 1138 3884 domino
1170 3841 1234 3884 suo.
1279 3820 1354 3882 Vide
1387 3819 1476 3895 enirn,
1597 3872 1600 3876 ,

352 3921 478 4011 γίνεται
514 3924 560 4009 τῷ
596 3915 745 4011 δεσπότῃ.
796 3920 905 3987 Βλέπε
932 3921 1044 4005 2quam
1068 3926 1105 3988 sit
1127 3925 1339 4005 aequanimitas
1363 3920 1477 3989 dulcior

354 4016 423 4108 οὖν,
439 4020 518 4094 2’ὅτι
532 4020 553 4115 ἦ
568 4026 780 4117 μακροθυμία
793 4026 903 4114 μλυκυ-
932 4029 1029 4109 melle,
1052 4037 1083 4091 et
1105 4029 1184 4092 utilis
1200 4029 1257 4090 erit
1272 4026 1403 4106 domino,
1426 4024 1477 4105 qui

389 4184 421 4247 l)
446 4181 486 4235 Ei
514 4182 552 4235 bia
578 4183 754 4252 consequitur,
784 4182 902 4249 Spiritum
931 4186 1011 4237 ctam.
1029 4186 1121 4251 Alam,
1148 4196 1272 4249 oppresso
1290 4178 1400 4233 Hermae
1425 4193 1476 4231 no·

354 4276 471 4323 sanctum
489 4269 515 4320 in
533 4269 611 4321 nobis,
625 4270 691 4321 bona
710 4270 824 4350 operaria,
930 4269 1015 4333 mina,
1045 4270 1070 4320 in
1102 4286 1123 4321 c.
1142 4270 1175 4320 45
1207 4267 1295 4336 liclog.
1326 4283 1358 4321 ex
1372 4266 1478 4335 “Scripn

391 4356 420 4424 2)
439 4354 510 4407 llunc
532 4354 618 4408 lecum
642 4355 727 4408 laudat
752 4364 778 4409 et
795 4355 904 4409 illustrat
930 4353 1035 4423 Propiu,
1051 4373 1077 4424 p.
1099 4355 1171 4408 1000·
1184 4354 1225 4406 ad.
1245 4354 1336 4408 Vertat.

409 4460 477 4500 raaia·
490 4465 554 4511 span.
571 4458 604 4500 aa.
620 4459 654 4504 iv.
1227 4441 1269 4510 23

1490 4472 1592 4664 1
