3659 5209
408 574 486 629 xtvt
845 560 1099 619 ettotecotttattn.
1341 558 1539 630 [ettstottttt

410 736 505 801 ritatis
528 730 719 816 opprobrium
743 727 856 805 attinet,
878 723 908 786 id
925 722 962 785 de
979 723 1127 804 corruptis
1144 720 1318 802 praesertim
1334 721 1412 785 loeis
1431 722 1538 786 dictum

411 826 509 924 putes,
532 839 638 919 quibus
661 832 836 915 saepissime
859 828 973 892 medela
997 834 1097 909 potest
1118 827 1218 890 allerri
1238 822 1275 910 ¹).

498 941 534 1027 c)
558 943 678 1005 Testem
695 955 815 1019 quoque
831 937 984 1036 antiquum
1000 950 1073 995 suae
1092 930 1239 1012 opinionis
1262 929 1380 993 adducit
1396 931 1541 1014 Meierus,

413 1051 582 1114 chronicon
608 1046 676 1108 dico
692 1040 843 1118 Pascbala,
866 1039 1049 1119 temporibus
1066 1036 1229 1098 Constantii
1252 1036 1443 1117 imperatoris
1466 1058 1542 1103 con-

396 1140 552 1235 ¹scriptum
577 1147 635 1234 (ad
657 1168 683 1212 a.
704 1149 742 1209 l).
766 1143 817 1209 32.
843 1163 868 1224 p.
886 1141 959 1206 416.
983 1141 1048 1204 Vol.
1064 1141 1084 1203 l.
1109 1139 1155 1202 ed.
1174 1140 1266 1202 Bonn.
1287 1138 1402 1224 1832),
1429 1145 1460 1205 in
1486 1161 1542 1224 quo

307 1246 310 1251 ¹
411 1259 558 1340 longioris
575 1252 762 1318 recensionis
777 1250 863 1312 locus
888 1244 944 1330 (ad
962 1246 1049 1308 Trall.
1066 1264 1091 1308 c.
1112 1243 1170 1329 11))
1192 1245 1335 1309 laudatur.
1375 1248 1438 1311 Sed
1464 1251 1542 1310 anti-

412 1365 536 1445 quiores
559 1361 646 1425 nobis
667 1360 762 1420 'testes
785 1360 906 1435 praesto
930 1359 1009 1430 suut,
1032 1349 1179 1413 Eusebius
1192 1345 1224 1434 ²)
1248 1355 1279 1412 et
1300 1349 1489 1416 Athanasius
1506 1347 1543 1436 ³),
1583 1350 1592 1375 “

413 1469 521 1549 q'uibus
546 1466 716 1528 breviorem
738 1459 948 1522 recensionem
972 1457 1008 1518 ad
1031 1474 1135 1519 uranus
1158 1455 1251 1518 luisse
1274 1455 1343 1517 inde
1365 1455 1458 1520 lacile
1482 1458 1543 1520 col·
1572 1540 1577 1549 Ι

412 1572 501 1653 liges,
526 1569 605 1651 quod
629 1567 721 1629 rerba
744 1565 781 1626 ab
804 1564 876 1645 ipsis
899 1563 986 1623 citata
1011 1562 1039 1621 in
1064 1561 1196 1623 breviori
1218 1567 1341 1652 tantum,
1363 1580 1427 1624 non
1451 1581 1544 1644 aeque

414 1674 444 1739 in
467 1675 597 1754 longiori
622 1670 813 1734 inveniuntur
836 1668 1015 1730 recensione
1032 1663 1074 1750 ⁴).

503 1775 541 1861 d)
566 1778 701 1857 Denique
723 1777 751 1837 in
775 1774 906 1857 longiori
923 1773 1102 1835 recensione
1118 1776 1237 1854 praeter
1259 1771 1441 1855 episcopos,
1458 1791 1544 1855 pres·

415 1885 541 1966 byteros
558 1889 589 1944 et
604 1879 868 1958 diaconosreliqui
886 1895 1008 1958 quoqne
1025 1876 1203 1940 clericorum
1220 1876 1341 1938 ordines
1356 1879 1545 1940 nominamur

417 1985 547 2074 (l'bilad.
570 2006 595 2050 c.
619 1983 656 2049 4ε
676 1980 732 2048 καὶ
755 1972 774 2047 ὁ
796 1977 913 2056 λοιπός
935 1979 1087 2068 κλῆρος),
1110 1981 1160 2062 qui
1184 1980 1212 2047 S.
1235 1979 1340 2065 Ignatii
1363 1983 1545 2068 temporibus

417 2092 548 2157 nondum
572 2092 601 2152 in
629 2089 756 2152 ecclesia
784 2090 970 2152 exstiterunt

447 2251 450 2255 ,
507 2197 681 2260 Breviorern
705 2213 780 2277 ergo
803 2194 1012 2257 recensionem
1035 2191 1141 2255 merito
1163 2190 1310 2276 longiori,
1339 2187 1546 2274 interpolatae,

419 2299 647 2385 praeferendam
669 2306 814 2382 putamus.
902 2310 905 2315 “

377 2403 381 2409 ’
506 2405 551 2468 lll.
595 2405 694 2480 Quum
718 2424 735 2467 e
758 2403 890 2481 tenebris
913 2401 1020 2463 iterum
1042 2400 1072 2462 in
1095 2400 1192 2463 lucem
1226 2398 1381 2480 prodirent
1406 2402 1546 2483 epistolae

419 2510 449 2577 S.
481 2509 602 2593 ignatii,
636 2510 748 2590 primae
779 2508 908 2571 omnium
939 2505 1074 2568 detectae
1109 2511 1140 2567 et
1171 2505 1258 2588 typis'
1285 2505 1456 2588 impressae
1488 2513 1547 2571 sunt

414 2617 537 2685 ‚Parisiis
563 2612 646 2680 1495
670 2614 763 2676 salsae
786 2613 861 2675 istae
885 2618 947 2674 tres
971 2610 1134 2692 epistolae,
1162 2611 1252 2672 latine
1274 2615 1388 2674 tanturn
1412 2615 1547 2694 scriptae,

419 2721 456 2783 ad
474 2721 505 2782 Β.
521 2721 673 2801 Virginem
696 2736 754 2780 una
777 2723 807 2779 et
829 2716 864 2778 ad
881 2715 909 2779 S.
926 2716 1073 2778 Joannem
1090 2715 1175 2777 duae.
1221 2715 1280 2778 Cir.
1297 2732 1389 2796 supra
1408 2736 1436 2798 p.
1454 2717 1547 2781 xutt.

406 2825 490 2888 liro.
513 2824 546 2886 ll.
593 2825 700 2887 Tribus
733 2822 817 2885 annis
850 2828 919 2904 post
948 2820 1088 2885 Jocabor
1117 2821 1220 2882 Faber
1251 2819 1476 2900 stapulensis,
1510 2823 1548 2885 bis

420 2929 572 3013 epistolis,
598 2928 705 3008 ,quod
724 2928 861 2990 tenebris
885 2927 1014 2989 omnium
1039 2925 1230 3008 dignissimae
1253 2925 1392 3003 luerint“
1409 2929 1548 3003 omissis,

420 3033 557 3096 undecim
588 3034 660 3097 alias
693 3029 732 3116 (ri
764 3033 955 3114 interpolatas
986 3038 1017 3093 et
1046 3028 1067 3094 4
1098 3028 1208 3113 falsas)
1240 3048 1257 3092 e
1289 3031 1434 3094 versione
1461 3031 1549 3096 ueteri

419 3136 507 3200 latina
542 3137 633 3200 edidit
661 3137 780 3200 Perisiis
807 3133 898 3201 1498.
944 3136 1033 3200 Anno
1063 3142 1161 3198 autem
1192 3131 1274 3199 1536
1302 3134 1549 3216 symphor-iones

422 3242 627 3322 Cbcmperioa
649 3241 859 3327 Lugdunensis
891 3242 945 3305 bas
978 3242 1114 3306 aFabro
1144 3239 1239 3301 editas
1269 3259 1335 3303 cum
1366 3243 1469 3305 tribus
1495 3243 1550 3311 aliis

422 3348 458 3410 ab
483 3348 533 3410 illo
556 3347 688 3429 rejectis,
711 3352 741 3409 et
763 3345 970 3429 quarta-[non
994 3348 1090 3409 minus
1113 3341 1207 3428 laisa)
1230 3345 1267 3406 ad
1290 3345 1429 3411 Mariam.
1444 3347 1550 3412 Cassa·

421 3453 552 3530 bolitem,
578 3469 726 3531 nunquam
749 3460 817 3514 ante
840 3453 997 3534 publicata,
1022 3449 1070 3514 edi
1093 3450 1225 3528 curarit3
1256 3456 1345 3531 atquc
1370 3451 1413 3514 ita
1437 3453 1550 3516 tendent

426 3553 465 3620 15
489 3556 593 3637 Ignatii
618 3556 762 3636 epistolae
784 3556 874 3618 latine
897 3559 1084 3619 exstiterunt.
1118 3588 1128 3621 -,
1332 3562 1361 3571 ”

460 3682 463 3686 ·
510 3659 674 3722 Duodecim
707 3678 807 3759 earum
843 3658 881 3742 (l
911 3662 1104 3744 interpolatas
1136 3668 1166 3724 et
1196 3658 1215 3724 5
1246 3656 1356 3744 falsas)
1393 3680 1413 3725 e
1451 3663 1550 3728 codice

460 3885 487 3949 1)
506 3888 589 3940 Arndt
615 3884 632 3937 l.
658 3903 680 3937 c.
709 3901 735 3953 p.
761 3884 912 3952 tta-1613
945 3895 972 3940 et
996 3887 1058 3939 ciori
1076 3886 1153 3938 modo
1173 3892 1322 3954 argumenta
1336 3883 1550 3941 lleiarienerrt·

415 3975 522 4040 4‘liotbe,
543 3972 566 4039 l,
580 3987 604 4024 c.
623 3988 649 4040 p.
668 3972 718 4024 756
731 3990 786 4043 sqq.
997 3977 1035 4026 vit
1064 3974 1242 4028 Dietcrdieclr
1265 3971 1281 4024 l.
1301 3988 1340 4036 e,
1377 3975 1422 4043 qni
1462 3979 1550 4030 tluticr

424 4133 427 4136 Ι
458 4085 487 4154 2)
506 4086 567 4138 ΗΜ
587 4084 650 4139 eccl·
669 4084 711 4151 ΠΙ,
730 4085 772 4138 36·
999 4076 1101 4129 quoque
1125 4060 1344 4127 argumentatione
1369 4059 1493 4114 breviori
1512 4077 1549 4113 re·

744 4201 749 4212 ¹
999 4148 1112 4201 censioni
1142 4149 1249 4214 originis
1276 4146 1423 4213 primitivae
1455 4149 1550 4201 laudern

459 4197 487 4258 34
505 4197 548 4321 ,Pe
578 4198 676 4264 “⁰⁰⁶⁰
706 4197 783 4297 ΑΨ·
815 4207 841 4251 ⁰⁸
871 4199 972 4253 selenc·
999 4234 1237 4296 vindicarestudet,
1257 4240 1284 4283 et
1299 4234 1550 4300 interpolatamedi·

424 4284 529 4365 91²9*
548 4283 575 4337 Τ·
598 4284 616 4338 1·
636 4285 677 4337 ‘d'
696 4283 774 4337 pm·
795 4284 871 4338 ¹6²⁷·
927 4358 932 4365 .
1000 4312 1093 4371 dionem
1111 4328 1169 4371 ante
1186 4320 1298 4388 medium,
1306 4319 1425 4372 seculum
1439 4332 1550 4391 quantun

460 4406 601 4484 ditinum,
621 4405 636 4459 l.
658 4420 680 4458 o.
697 4421 723 4481 p.
742 4403 801 4471 742.
821 4405 881 4465 743.
917 4406 973 4467 Fu·
1000 4416 1128 4466 exaratum
1147 4422 1205 4460 erse
1223 4413 1310 4478 negat,
1327 4423 1354 4481 p.
1372 4406 1494 4467 28-41.
