3659 5209
553 532 691 591 ΗΕΒΜΑΕ
708 533 844 590 PASTOR.
881 534 979 591 LIBER
996 536 1027 590 tl.
1065 536 1213 595 nubunt.
1230 540 1273 596 tx.
1411 546 1475 612 363

345 693 465 781 χήσῃς,
497 686 693 782 αἰτήσασθαι
722 691 813 784 πυροί
842 703 903 761 τοῦ
930 698 1055 764 dubites.
1099 700 1208 764 Petens
1232 703 1341 785 aliquid
1367 722 1384 768 a
1407 707 1475 772 Do·

348 799 454 878 Θεοῦ,
488 794 585 884 λέγων
614 797 647 865 ἐν
676 807 816 886 σεαυτῷ,
850 799 901 866 ὅτι
928 806 1025 885 mino,
1055 823 1093 868 ne
1123 805 1204 868 dicus
1235 807 1311 870 intra
1339 816 1385 874 te:
1415 831 1475 893 quo

346 904 424 978 πῶς
466 903 665 990 Ιδυνήσομαι
706 896 901 993 αἰτήσασθαι
928 909 1018 973 rnodo
1040 927 1115 974 veru
1133 907 1275 990 ¹possurn
1292 913 1399 994 aliquid
1416 935 1475 998 pe-

345 1002 442 1097 τταρδ
463 1010 524 1072 τοῦ
543 1005 652 1098 κυρίου
676 1007 758 1096 [καί]
784 1010 900 1091 λαβεῖν,
929 1021 993 1076 tere
1005 1033 1021 1076 a
1035 1014 1172 1093 Domino,
1185 1021 1214 1078 et
1228 1017 1372 1097 obtinere,
1386 1020 1476 1101 quum

343 1107 536 1200 ἠμαρτῃκιδς
557 1114 696 1179 τοσαῦτα
719 1111 764 1189 εἰς
784 1106 900 1197 αἰτίη
927 1119 982 1180 sinr
1005 1123 1149 1199 peccator
1166 1125 1311 1183 tantorum
1333 1123 1476 1187 melorum

344 1211 411 1304 Mt
433 1215 615 1302 διαλογίζου
636 1219 758 1298 ταῦτα,
775 1212 845 1285 αλλ’
865 1215 900 1296 ἐξ
927 1223 957 1284 in
972 1222 1154 1285 Dominum?
1177 1223 1244 1286 Noli
1256 1225 1314 1287 boc
1329 1228 1474 1310 cogitare,

345 1315 428 1407 ὅλης
453 1320 587 1408 καρδίας
614 1342 674 1388 σου
701 1320 901 1411 ἐπίστρεψον
927 1324 981 1388 sed
998 1345 1037 1388 ex
1052 1328 1121 1389 totis
1137 1329 1320 1408 praecordiis
1341 1348 1475 1394 eonver-

344 1420 446 1514 προς.
466 1426 586 1514 κύριον,
617 1425 670 1490 καί
700 1424 795 1493 αἰτοῦ
822 1424 900 1517 παρ’
928 1437 993 1492 tere
1008 1429 1045 1492 αδ
1056 1430 1221 1494 Dominum.
1243 1433 1316 1495 Pete
1331 1435 1397 1496 sine
1414 1436 1474 1497 du·
1525 1508 1528 1522 Ι

344 1524 689 1610 αὐτοῦἰἰδιστοίκτως,
718 1530 769 1596 καὶ
797 1521 900 1618 γνώσῃ
927 1534 1077 1614 bitatione,
1090 1541 1120 1597 et
1131 1533 1475 1603 scies²misericordium

344 1629 406 1722 τὴν
429 1633 772 1722 2ντολυευσττλαγχνίοιν
792 1633 899 1716 αὐτοῦ,
926 1639 1052 1718 Domini,
1069 1639 1149 1719 quod
1162 1658 1222 1702 non
1234 1646 1265 1701 te
1276 1641 1474 1724 derelinquet,

344 1739 401 1807 δτι
413 1730 458 1804 ori
470 1731 518 1826 μή
527 1761 562 1805 σε
578 1738 795 1829 ἐγκαταλείπῃ,
816 1734 900 1807 οἰλλοί
927 1742 980 1806 sed
1004 1744 1176 1824 petitionem
1198 1746 1313 1807 enimse
1332 1752 1401 1808 tuoe
1416 1746 1475 1809 od-

343 1839 389 1910 τδ
400 1841 520 1930 αίτῃμα
530 1844 588 1931 τῆς
597 1851 702 1932 ψυχῆς
710 1865 770 1912 σου
779 1846 899 1935 πληρο-
927 1847 1065 1927 implebit.
1111 1846 1178 1910 Non
1209 1855 1255 1910 est
1284 1850 1363 1912 eninr
1393 1851 1475 1913 tteus

344 1943 494 2038 φορήσει
534 1940 600 2014 oin
618 1943 686 2014 ἰστι
704 1944 764 2038 γδρ
783 1941 801 2014 ὁ
819 1948 900 2024 Θεδς
926 1949 1004 2011 sieut
1037 1949 1173 2012 homines
1207 1948 1385 2017 3ιοιιιοοιοε
1424 1955 1475 2016 in-

343 2049 393 2129 οίς
408 2049 441 2117 oi
460 2050 633 2140 ἄνθρωποι
655 2055 898 2140 3μνῃσικακοῦν-
921 2052 1085 2134 juniorum3
1108 2054 1162 2116 sed
1186 2062 1232 2118 est
1255 2057 1408 2120 immernor
1424 2059 1475 2120 in-

342 2177 410 2235 τες,
426 2142 899 2245 αλλάιίτδςᾶμνῃσίκακόςὲστί
921 2142 1085 2238 juniorum,
1109 2164 1139 2220 et
1161 2159 1320 2223 miseretur
1342 2161 1475 2244 figmenti

343 2258 401 2326 καί
410 2259 657 2347 σπλαγχνίζεται
669 2260 726 2328 ἐπί
735 2258 792 2348 τήν
803 2259 898 2349 ποίῃ-
926 2261 972 2323 sui
988 2257 1010 2321 ⁴.

343 2385 397 2433 σιν
418 2358 550 2432 seroib
565 2376 570 2382 '
587 2365 632 2432 Συ
649 2360 703 2433 οὖν
722 2358 900 2453 καθάρισον
971 2363 1053 2446 Ergo
1085 2365 1207 2445 purifica
1240 2382 1294 2428 eor
1325 2372 1404 2429 tuum
1436 2369 1473 2431 ab

343 2467 402 2558 τήν
424 2468 558 2556 καρδίαν
584 2493 643 2536 σου
673 2463 743 2537 eino
774 2470 901 2537 πάντων
928 2469 1064 2531 omnibus
1086 2469 1165 2531 vitiis
1188 2469 1276 2552 hujus
1305 2472 1415 2550 secuti,
1447 2478 1476 2533 et

345 2574 414 2641 τῶν
433 2570 577 2656 ματαίων
598 2573 736 2654 τούτων,
763 2573 901 2641 καὶτῶν
929 2573 1058 2636 observa
1080 2574 1230 2654 praedicta
1259 2575 1351 2637 verba
1378 2576 1430 2637 tibi
1458 2596 1475 2639 ο

346 2676 589 2766 προειρημένων
602 2700 653 2745 σοι
670 2673 827 2767 ζνῃιιοίτιυν,
850 2678 902 2744 καί
928 2679 994 2740 Deo
1023 2676 1105 2756 datu,
1120 2696 1122 2701 ’
1139 2684 1168 2740 et
1191 2675 1347 2761 ⁵accipies
1378 2682 1476 2744 omniu

346 2768 449 2848 αἰτοῦ
470 2776 559 2871 παρα
580 2783 640 2847 τοῦ
667 2782 792 2872 κυρίου,
823 2782 901 2849 5καί
928 2782 1016 2861 bono,
1040 2799 1117 2862 queo
1132 2783 1220 2864 petis,
1238 2790 1268 2844 et
1284 2801 1323 2845 ex
1339 2785 1475 2846 omnibus

345 2884 448 2976 λήψῃ,
469 2883 521 2951 καί
543 2879 612 2953 duo
632 2885 759 2953 πάντων
773 2890 836 2952 τῶν
851 2886 901 2953 αἰ-
928 2887 1119 2968 petitionibus
1165 2887 1225 2949 tuis·
1267 2886 1337 2947 nibit
1381 2887 1476 2948 deerit

345 2983 499 3080 τῃμοίτοιν
535 3011 594 3056 σου
630 2988 803 3079 οἰστὲρῃτος
837 2987 901 3078 ἔσῃ,
928 2990 989 3068 tibi,
1012 2991 1126 3052 si-sine
1150 2989 1332 3053 dubitatione
1353 2990 1476 3072 petieris

345 3093 408 3164 ἰοίν
430 3087 627 3171 οἰδιστοίκτιος
651 3093 799 3184 αἰτήσεις.
835 3089 902 3161 Eois
929 3112 946 3156 ο
968 3094 1105 3157 Domino.
1125 3108 1128 3113 ’

346 3199 388 3266 δὲ
407 3191 562 3287 Ιδιστοίσῃς
585 3198 618 3266 ἰν
639 3207 680 3288 τῇ
700 3196 814 3289 καρδία
834 3219 901 3279 σου,

347 3301 443 3370 οὐδὲν
466 3300 505 3369 oti
523 3301 569 3391 μή
588 3296 676 3391 λήψῃ
693 3305 755 3368 τῶν
769 3299 901 3391 αἰτῃμοί-

346 3431 415 3474 τονν
437 3428 504 3473 σου.
553 3402 594 3472 Oi
615 3402 676 3495 γοίρ
700 3400 902 3488 διστάζοντες
946 3444 949 3455 ·
972 3407 1029 3482 Oui
1046 3425 1121 3489 ergo
1136 3406 1211 3468 tales
1226 3423 1288 3469 non
1305 3414 1383 3486 sunt,
1407 3424 1475 3470 otn-

347 3510 400 3588 εἰς
429 3506 484 3576 τόν
507 3506 602 3588 Θεὸν,
635 3503 729 3577 οὗτοί·
751 3510 830 3577 εἰσιν
858 3510 902 3587 oie
929 3513 998 3575 nino
1015 3509 1085 3573 nibil
1097 3511 1254 3591 impetrent
1266 3529 1379 3590 eorum,
1397 3531 1475 3593 quae

346 3615 501 3704 δίψυχοι,
523 3612 576 3680 καὶ
598 3612 691 3680 οὐδὲν
717 3611 800 3691 ὅλοις
820 3611 899 3697 λαμ·
928 3622 1039 3697 petunt.
1071 3615 1210 3694 Numqui
1226 3615 1305 3696 pleni
1321 3622 1390 3677 sunt
1406 3617 1475 3696 fide,

345 3713 486 3806 βαίνουσι
506 3720 570 3784 τῶν
588 3711 771 3806 αἰτῃμοίτων
789 3719 900 3786 αὐτῶν.
929 3720 1025 3783 omniu
1047 3725 1150 3800 petunt
1171 3719 1313 3798 fidentes,
1338 3728 1367 3781 et
1390 3721 1474 3782 ucci-

349 3823 394 3892 Οἱ
426 3823 463 3890 δὲ
495 3822 649 3898 ὁλοτελεῖς
680 3814 769 3897 ὄντες
799 3822 830 3888 ἐν
861 3824 902 3909 τῇ
928 3822 1196 3905 piuntttDornino‚
1219 3824 1287 3903 quia
1302 3823 1368 3884 sine
1383 3822 1473 3884 dubi-

346 3925 460 3996 πίστει
474 3920 581 3993 πάντα
592 3923 766 4006 αἰτοῦνται,
779 3949 899 3993 nenos·
928 3928 1039 3990 tatione
1055 3930 1164 4006 petunt.
1201 3925 1303 3986 Omnis
1320 3925 1397 3987 enirn
1414 3923 1473 3986 du-

385 4103 415 4167 1)
434 4099 509 4154 Grab.
527 4097 631 4164 δύναμαι
650 4097 797 4164 αἰτήσασθαί
812 4119 842 4148 τι.
961 4098 991 4166 5)
1010 4096 1060 4149 Cfr.
1080 4096 1165 4148 btattb.
1179 4096 1204 4161 7,
1220 4094 1260 4146 11,
1279 4093 1322 4157 21,
1335 4091 1376 4142 22.
1403 4093 1472 4146 Her-

384 4187 418 4254 2)
439 4185 513 4239 (διεδ.
531 4187 754 4253 πολυοπλαγχνίαν.
926 4201 991 4237 marn
1015 4185 1047 4236 ub
1072 4185 1186 4235 oratione
1205 4178 1392 4232 nimiatnducn
1411 4173 1475 4248 opes

386 4274 415 4338 3)
435 4271 511 4325 Grub.
529 4271 553 4321 oi
570 4275 767 4337 μνησικακοῦντες
785 4265 900 4335 α’λλῃλους.
927 4279 1061 4323 terrestres
1077 4278 1226 4338 expectasse
1238 4276 1310 4337 putat
1322 4271 1473 4322 δυσοικον-

382 4360 414 4427 4)
434 4357 570 4428 Hucusque
588 4357 676 4430 iregm.
696 4358 787 4412 Grabii.
893 4345 990 4428 Ἰιιαε,
1009 4357 1027 4410 t.
1046 4372 1072 4410 e.
1090 4373 1115 4425 p.
1134 4354 1177 4411 et.
