3659 5209
414 1420 417 1425 „
700 1235 1156 1361 ouuuuurrs

519 1451 776 1534 EPlSTlth
815 1454 877 1551 tlt
918 1450 1238 1536 CORINTHIOS
1276 1454 1326 1536 l.¹

419 1767 444 1828 Ι.
490 1765 655 1845 salutatio.
700 1766 785 1830 Loca
810 1766 1042 1830 Corinthiorum
1064 1778 1136 1830 onte
1159 1775 1260 1832 ortum
1280 1766 1425 1831 schisma.

450 1885 612 1951 ²Ecclesia
633 1889 706 1966 nei,
730 1906 807 1970 quae
829 1887 942 1950 Romae
965 1885 1219 1971 ³peregrinatur,
1240 1888 1394 1964 Ecclesiae
1416 1886 1484 1966 Dei,

360 2011 438 2074 quae
456 1991 589 2059 Corinthi
606 1993 830 2072 peregrinatur,
852 1991 982 2068 vocatis,
1005 1978 1191 2054 sanctificatis
1208 1992 1356 2055 voluntate
1374 1991 1483 2071 divina,

359 2114 418 2177 per
434 2095 592 2157 Dominum
615 2101 748 2157 nostrum
767 2093 870 2155 Jesurn
888 2094 1044 2157 Christum.
1087 2095 1187 2157 Gratia
1208 2097 1294 2159 vohis
1317 2102 1347 2158 et
1368 2116 1428 2177 pax
1445 2096 1482 2158 ah
1549 2166 1551 2170 ,

361 2198 565 2278 omnipotente
587 2197 653 2272 lieo
682 2214 737 2279 per
766 2197 869 2260 desum
892 2198 1038 2262 Christum
1070 2198 1284 2280 multiplicetur.
1328 2195 1482 2280 ⁴Propter

358 2303 475 2366 subitas
505 2321 541 2364 ae
562 2302 632 2365 -sihi-
657 2303 784 2365 invicem
814 2303 1013 2366 succedentes
1035 2296 1223 2379 calamitates
1255 2307 1285 2363 et
1306 2318 1393 2364 casus
1425 2299 1482 2362 ad-

356 2423 478 2485 versos,
502 2407 551 2486 qui
567 2407 653 2497 nohis
670 2404 851 2485 acciderunt,
874 2407 996 2486 tardius,
1021 2407 1139 2486 iratres,
1161 2405 1378 2486 nosmetipsos
1403 2420 1480 2465 con-

354 2511 483 2575 vertisse
515 2508 748 2574 ⁵existimamus
773 2509 809 2572 ad
842 2530 895 2603 ea²
927 2504 1005 2592 quae
1036 2510 1154 2574 lucrant
1186 2509 1318 2591 quaesita
1345 2526 1361 2569 a
1385 2505 1480 2584 vohis,
1508 2532 1511 2537 >

354 2616 471 2694 dilecti,
501 2615 596 2708 etad
627 2615 803 2678 seditionem
835 2617 950 2697 impiam
979 2635 1015 2678 ac
1037 2613 1258 2694 detestandam,
1289 2613 1345 2674 Dei
1375 2611 1479 2673 electis

353 2715 572 2802 ⁶peregrinam
596 2724 626 2781 et
648 2719 790 2806 alienam²
822 2739 909 2801 quam
932 2721 1018 2800 pauci
1040 2719 1176 2782 homines
1197 2716 1347 2779 temerarii
1370 2722 1400 2777 et
1421 2732 1479 2778 au-

353 2821 444 2885 daces
479 2823 509 2882 in
534 2827 645 2885 tantum
674 2823 854 2886 insolentiae
882 2823 1101 2902 accenderunt,
1132 2831 1165 2886 ut
1197 2816 1418 2888 ⁷honorificum
1448 2826 1479 2881 et

349 2927 467 2989 illustre
484 2945 593 2989 nornen
612 2933 753 3006 vestrum,
777 2935 807 2989 et
827 2929 863 2989 ab
886 2929 1023 2991 omnihus
1045 2927 1135 2990 amari
1157 2926 1288 3009 dignum,
1312 2923 1477 2986 vehemen-

349 3039 403 3095 ter·
414 3030 677 3112 blasphemaretur.
714 3025 812 3104 ⁸Ouis
832 3031 920 3109 enirn,
936 3031 1017 3112 apud
1038 3050 1094 3095 vos
1113 3029 1290 3108 diversatus,
1312 3027 1391 3091 omni
1411 3027 1476 3089 vir-

350 3143 416 3200 tute
436 3136 552 3217 plenam
573 3137 745 3218 firmamque
767 3154 802 3198 ac
822 3135 955 3198 stabilem
977 3135 1064 3198 fidem
1085 3142 1214 3197 vestram
1234 3151 1295 3197 non
1315 3131 1474 3213 probavit?

350 3242 544 3322 sobriamque
568 3249 599 3303 et
620 3239 800 3326 moderatam
824 3240 854 3301 in
878 3238 994 3302 Christo
1024 3242 1163 3322 pietatem
1193 3258 1254 3302 non
1277 3245 1322 3301 est
1345 3237 1474 3300 admira-

349 3343 428 3408 tus‘t
458 3351 486 3406 et
509 3343 680 3426 splendidos
704 3362 739 3423 uc
760 3332 900 3405 liberales
924 3343 1127 3432 hospitalitatis
1147 3345 1267 3407 vestrae
1289 3359 1389 3405 mores
1413 3359 1474 3403 non

348 3447 558 3532 praedicavit?
590 3454 619 3512 et
640 3446 804 3529 perlectam
832 3455 1002 3530 certamque
1031 3450 1233 3533 cognitionem
1262 3454 1391 3511 vestram
1413 3463 1474 3507 non

348 3555 470 3617 beatam
500 3553 704 3617 existimavit-'l
749 3551 853 3616 Omnia
885 3556 962 3617 enim
995 3556 1061 3618 sine
1090 3551 1287 3635 personarum
1318 3551 1422 3614 intuitu
1456 3569 1473 3614 a

387 3778 417 3843 5)
441 3776 479 3829 lta
497 3776 583 3845 legunt
601 3777 736 3829 Wottouus
756 3785 781 3828 et
801 3776 898 3829 Jacob·
962 3779 991 3843 7)
1010 3777 1053 3830 Sic
1071 3793 1173 3847 quoquo
1191 3776 1257 3828 inira
1276 3791 1298 3827 c.
1315 3775 1364 3825 47:
1382 3770 1412 3822 τὸ
1430 3789 1473 3821 σε-

346 3881 447 3929 εοηιιε;
465 3861 607 3928 δυσοίζομεν
625 3863 727 3927 Junius;
754 3865 900 3931 γνωρίζομεν
926 3863 989 3928 parde
1014 3868 1054 3929 τῆς
1076 3861 1220 3933 περιβοήτου
1237 3860 1388 3928 φιλαδελφίας
1404 3854 1473 3921 ὑμῶν

346 3952 509 4005 Wetsteuius
527 3959 553 4003 et
570 3949 801 4002 schoenemannus.
926 3950 1050 4016 ἐμείωσαν.

386 4038 417 4102 6)
436 4036 482 4088 Mt·
501 4037 573 4094 ξένοις
590 4057 623 4085 =
643 4039 751 4090 advenis
769 4039 798 4089 tn
815 4046 897 4106 terra,
960 4037 989 4102 8)
1012 4025 1312 4104 Τι’ςγᾶρὲ-ἓπορεὺεσθε.
1341 4031 1472 4084 liic-locus

347 4123 423 4195 quod
441 4114 527 4192 placet
546 4120 631 4174 Millio.
926 4124 1019 4192 legitur
1037 4125 1103 4191 apud
1123 4127 1278 4178 Clementem
1290 4124 1365 4174 ntea.
1380 4114 1471 4164 Simm-

926 4210 967 4261 lv.
988 4228 1010 4262 c.
1032 4210 1071 4260 17.
1091 4226 1116 4277 p.
1135 4208 1187 4259 610
1205 4208 1246 4258 ed.
1267 4205 1333 4257 Pott.

1245 4449 1570 4602 !
