3659 5209
544 514 738 570 unnrrtnttu
757 515 782 570 S.
803 515 993 574 POLYCARPI.
1012 519 1043 572 t.
1062 521 1176 577 utun.
1359 527 1423 594 279

293 677 379 741 atiud
404 695 508 761 agens,
531 678 690 760 nisiquod
713 651 815 742 oraret
836 697 891 760 pro
916 679 1065 743 universis
1087 688 1117 744 et
1136 701 1192 764 pro
1212 686 1348 750 omnibus
1367 706 1424 769 par

295 784 405 847 orbem
444 782 597 859 ecclesiis3
636 781 715 864 qnod
750 783 806 863 ipsi
842 790 905 845 erat
939 784 1082 850 solemne.
1136 786 1174 849 Et
1210 808 1276 851 cum
1314 797 1423 871 oraret,

235 906 259 953 t!
294 889 397 952 triduo
429 893 584 968 antequam
615 885 939 968 comprehenderetur,
972 887 1048 952 visio
1079 890 1107 951 ci
1138 892 1259 973 obtigit,
1291 895 1423 976 viditque

235 988 263 1052 [a
294 991 428 1055 cervical
456 1009 542 1055 suum
572 991 710 1055 incendio
741 990 941 1072 conflagrans.
986 993 1022 1054 Et
1055 1013 1220 1059 conversus
1254 997 1290 1059 ad
1321 1002 1422 1063 socios

239 1114 265 1155 a
283 1097 472 1180 prophetice
496 1096 584 1158 dixit:
609 1102 731 1177 oportet
751 1113 798 1157 me
820 1097 924 1157 uicum
947 1094 1123 1161 ¹comburi.
1423 1076 1429 1084 ⁸

235 1226 267 1263 ἲ

235 1280 238 1287 '
339 1287 387 1349 Vl.
432 1285 626 1369 Polycarpus
650 1307 670 1350 c
692 1288 817 1349 servulo
836 1288 994 1369 proditur.
1035 1289 1177 1354 Herodes
1200 1292 1379 1354 irenarcha.

235 1418 273 1460 Ἴ
383 1410 563 1473 instantibus
588 1419 684 1474 autem
711 1412 757 1490 iis,
781 1413 831 1493 qui
854 1412 1037 1492 quaerebant
1060 1432 1137 1490 eum,
1163 1415 1192 1476 in
1217 1415 1301 1476 utiam
1326 1415 1423 1477 viltam

235 1542 276 1605 ςι
295 1515 433 1595 migravit
443 1536 452 1591 ;
482 1520 511 1576 et
542 1516 637 1577 statim
669 1515 793 1578 aderant
824 1517 1041 1598 exploratores.
1088 1517 1219 1598 Cumque
1251 1520 1331 1581 iltum
1362 1538 1423 1582 nou

235 1652 271 1692 η
294 1621 491 1702 reperissent,
514 1619 590 1682 duos
613 1620 751 1682 servulos
775 1621 1073 1701 comprehenderunt,
1098 1641 1224 1703 quorum
1246 1623 1330 1700 atter,
1354 1629 1422 1684 tor-

235 1724 403 1795 armentis
425 1724 578 1802 subditus,
602 1723 761 1787 confessus
784 1732 837 1786 est
884 1723 1097 1808 ²lmpossibite
1122 1735 1219 1791 autem
1243 1735 1307 1789 erat
1329 1729 1422 1791 tatere
1456 1723 1458 1727 ’

265 1829 401 1912 reipsum,
425 1847 491 1891 cum
513 1829 684 1911 proditores
708 1829 860 1893 domestici
885 1833 950 1913 ejus
974 1838 1098 1894 essent·
1130 1828 1312 1896 ³lrenarcha
1336 1851 1421 1911 vero,

235 1934 343 2009 ittet
374 1931 609 2013 ⁴cteronomus,
643 1933 723 2015 quod
755 1935 832 1996 idem
864 1933 999 1997 ⁵munus
1028 1943 1091 2016 est,
1124 1939 1243 1999 nomine
1272 1938 1420 2017 Herodes,

235 2038 321 2131 {pin
352 2039 479 2102 stadium
510 2039 588 2100 illum
619 2038 730 2100 ducere
761 2039 957 2119 properabat,
989 2047 1021 2101 ut
1048 2041 1095 2102 bic
1122 2047 1232 2102 sortem
1255 2060 1338 2103 suam
1363 2045 1422 2104 im-

244 2150 258 2215 ὶ
283 2143 407 2228 plueret,
438 2143 546 2207 Christi
577 2161 704 2206 consors
735 2142 849 2220 tactus3
879 2144 1050 2224 proditores
1081 2152 1179 2208 autem
1204 2145 1300 2209 Judac
1327 2148 1432 2228 ipsius

240 2282 259 2341 ,ς
280 2265 409 2334 poenas
433 2242 583 2312 subeunti*

450 2438 510 2501 vn.
529 2501 533 2509 ,
555 2439 745 2521 Polycarpus
769 2408 790 2502 c
811 2440 1068 2519 persecutoribus
1096 2441 1261 2504 invenitur.

381 2560 532 2623 Habentes
556 2579 630 2642 ergo
653 2556 828 2642 puerulum,
860 2562 935 2625 feria
958 2569 1061 2643 sexta,
1088 2565 1144 2628 sub
1168 2564 1270 2625 boram
1293 2578 1419 2641 coenae,

235 2710 249 2747 2
284 2667 413 2751 egressi
436 2672 503 2728 sunt
525 2673 738 2746 persecutores
762 2674 791 2728 et
814 2668 929 2747 equites
950 2687 1016 2731 cum
1032 2669 1183 2731 consuetis
1199 2668 1298 2745 armis,
1321 2662 1419 2729 ⁶tuo·

235 2802 250 2857 p
285 2792 386 2855 quum
416 2772 566 2834 aduersus
598 2773 750 2834 latronem
776 2774 1020 2853 proficiscentes.
1065 2773 1102 2835 Et
1132 2774 1187 2835 sub
1217 2772 1419 2854 vespertinum

285 2884 410 2958 tempus
435 2869 661 2955 ⁷advenientes,
685 2878 763 2939 illum
787 2872 841 2939 8in
863 2878 1012 2963 superiori
1034 2879 1169 2941 cubiculo
1186 2897 1296 2960 parvae
1311 2877 1419 2956 cujus-

235 3031 256 3071 ,
285 2981 361 3045 dam
385 2979 490 3043 domus
513 2980 755 3044 discumbentem.
769 2982 947 3043 invenerunt
956 3004 965 3058 ;
996 2983 1076 3044 unde
1104 2982 1132 3043 in
1164 2981 1242 3044 atiud
1265 2981 1419 3063 praedium

235 3119 263 3180 ὲ
286 3087 377 3151 abire
400 3091 529 3166 poterat,
554 3085 607 3147 sed
631 3086 740 3162 notuit,
769 3086 887 3148 dicens:
912 3080 996 3166 ”fiat
1016 3088 1162 3150 voluutas
1187 3082 1214 3124 ¹⁰
1228 3087 1297 3148 Dei.
1344 3086 1418 3148 Cum

235 3246 267 3285 ᾗ
290 3189 318 3230 ¹¹
336 3208 412 3254 vero
435 3208 489 3254 eos
513 3190 661 3253 adstantes
685 3190 816 3255 audisset
847 3210 881 3254 ac
908 3190 1130 3270 descendisset,
1161 3184 1226 3254 cum
1250 3192 1294 3253 eis
1317 3191 1416 3253 cotto-

235 3356 255 3385 Ι,
286 3303 380 3361 cutus
409 3302 472 3374 est,
504 3296 675 3357 mirantibus
705 3296 759 3374 iis,
793 3297 842 3376 qui
872 3295 1012 3374 aderant,
1045 3302 1172 3358 aetatem
1199 3297 1264 3376 ejus
1288 3301 1318 3357 et
1340 3313 1419 3358 con-

236 3464 255 3503 ἑ
286 3384 447 3479 stantiam,
481 3397 505 3437 ¹²
521 3400 661 3482 quodque
682 3401 843 3482 ipsi·tanto
867 3401 965 3463 studio
989 3401 1035 3463 usi
1059 3400 1168 3462 tuerint
1189 3400 1226 3462 ad
1250 3399 1419 3481 hujusmodi

235 3498 391 3613 ‘virum
429 3522 532 3568 senem
570 3505 889 3586 comprehendendum.
946 3505 1047 3594 Statim
1080 3523 1158 3567 nunc
1193 3504 1241 3566 illa
1274 3504 1348 3566 hora
1382 3504 1419 3564 iis

235 3682 271 3723 5
329 3662 359 3730 6)
380 3659 466 3712 naath.
486 3659 529 3725 26,
549 3660 590 3712 55.
745 3643 748 3649 ’
889 3659 933 3723 10)
952 3659 988 3711 ita
1007 3657 1165 3711 Jacobsonus
1191 3674 1205 3709 c
1230 3656 1309 3708 tribus
1328 3655 1419 3720 codd.;

255 3728 266 3743 ,
328 3748 358 3812 7)
378 3748 414 3799 Ita
427 3745 543 3800 Uenerius
562 3755 588 3799 et
606 3746 725 3799 Smitbius
743 3764 775 3800 ex
789 3747 844 3800 Eu·
870 3747 944 3816 vatg.
963 3749 1051 3808 κυρίου.

235 3812 272 3857 '¹¹
288 3837 360 3892 nean
379 3834 422 3901 ru.
441 3833 472 3885 a.
492 3833 534 3898 m,
556 3833 615 3897 tu)-
633 3833 745 3887 tecuoae
771 3833 843 3884 aer-
890 3836 936 3902 u)
953 3834 990 3886 ra
1003 3833 1160 3885 Jacousonu
1179 3849 1194 3884 ο
1213 3828 1420 3883 cananaea

236 3910 381 3978 ²¹⁸'didere
390 3922 569 3989 corrigendum
578 3938 636 3973 esse
645 3929 743 3988 putant.
759 3919 843 3993 ‚Editiz
857 3921 948 3973 ¹Paris.
980 3920 1053 3989 Vulg.
1081 3914 1181 3976 α’κοὺσας
1209 3914 1253 3968 οὖν
1282 3913 1336 3972 τοῦς
1365 3932 1419 3963 ⁷1⁴1·

259 4002 269 4037 ¹
289 4006 493 4064 cvaunetddrrag.
728 4056 730 4061 ,
757 3992 762 4003 ⁸
870 4006 960 4076 ρόντας.

235 4074 270 4131 ¹¹
326 4097 357 4161 8)
385 4094 601 4161 Praepositionem
644 4092 670 4142 ἓν
711 4093 742 4145 ab
788 4094 844 4146 aliis
890 4095 933 4156 12)
952 4093 1159 4146 ltadacobsonus
1177 4088 1418 4144 ceodParisiensi.

263 4170 269 4207 r

235 4260 268 4307 ἦ
290 4270 406 4323 vindob.
870 4266 944 4331 uudrp
980 4264 1086 4331 embada),
1133 4262 1148 4330 ἡ
1182 4267 1227 4314 τοῦ
1260 4264 1419 4328 συλληφθῆναι

235 4348 268 4401 ἸΙ1
329 4354 636 4426 utctr.tttatth.6,10.
668 4358 724 4408 set.
738 4355 781 4423 21,
803 4354 843 4407 14.
870 4357 981 4404 τοιοῦτον
998 4350 1136 4420 πρεσβύτην
1152 4349 1229 4421 ἄνδρα
1244 4347 1287 4418 ἦν;

246 4208 258 4219 -
290 4185 414 4238 omissam
432 4184 546 4249 reposuit
563 4181 721 4234 Jacobsonus
745 4199 760 4233 e
785 4183 843 4235 cod.
870 4181 959 4250 Vutgm
987 4176 1111 4243 εὐσταθὲς,
1139 4180 1199 4235 τινὲς
1221 4178 1313 4245 iteyor·
1340 4172 1418 4239 ἤτο-
1512 4247 1515 4253 Ι
