3659 5209
348 507 413 573 462
641 499 743 557 INDEX
761 498 874 555 1111111111
892 499 935 553 ΕΤ
954 498 1187 555 Personarum

384 661 499 729 cipibus,
528 668 554 712 et
575 673 622 727 pro
641 659 852 728 persequentibus
872 667 897 710 et
958 659 1095 711 Dominum
1108 661 1168 724 sint,
1182 675 1237 710 uon
1252 659 1398 712 secundnm
1411 664 1476 730 capi·

384 748 530 800 odientibus
548 763 595 798 ros
613 747 673 798 271.
707 743 842 797 Christiani
855 745 896 796 le·
960 746 1063 798 ditatam
1083 746 1143 797 210.
1181 745 1237 797 cfr.
1258 750 1386 816 Nuptiae.

353 827 457 904 .'gibus
472 832 666 886 66611661306.
698 831 897 897 Edoctisumus,
926 830 1141 885 Mendacium.
1175 832 1229 897 Qui
1249 835 1416 899 mentiuntur,
1434 832 1475 885 sb·

383 923 539 990 principibus
564 928 590 972 et
615 918 783 987 potestatibus
808 917 898 970 61166
959 929 1054 986 negant
1070 920 1208 972 Dominum
1228 920 1290 973 318.
1328 919 1474 984 06116661-

384 1008 505 1059 ordinatis
527 1007 648 1058 honorem
674 1005 748 1056 nobis
771 1019 823 1056 non
847 1020 897 1055 no·
959 1008 1020 1058 serit
1038 1021 1052 1056 a
1070 1008 1225 1073 mendacio,
1252 1009 1331 1060 vivet
1348 1008 1473 1063 0661111

383 1104 483 1147 centem
504 1094 605 1147 deterre
624 1091 683 1144 283.
925 1093 1126 1160 Mercatura,
1155 1094 1201 1148 clr.
1229 1098 1429 1165 Nepotists'osres
1453 1104 1474 1146 et

288 1226 291 1244 ι
322 1182 425 1235 ,Mali
444 1180 527 1232 allec
545 1180 695 1244 tolerantur,
713 1194 764 1230 non
783 1178 896 1245 proban·
960 1184 1084 1234 Divitiae.

382 1277 424 1320 tur
442 1268 501 1320 312.
537 1266 683 1336 benignitas
707 1282 768 1334 erga
789 1282 835 1318 eos
854 1267 896 1318 72.
925 1268 1069 1323 Michael
1094 1267 1288 1337 archangelus,
1319 1279 1472 1338 patronuset

383 1356 444 1409 328.
960 1355 1120 1423 gubernator
1138 1356 1254 1409 bdelium
1275 1359 1340 1409 402.

348 1442 601 1509 Malitiaperdidit
614 1441 825 1496 vitamhomiuum
837 1440 896 1492 317.
925 1441 1165 1494 Misericordia
1203 1442 1301 1497 Christi
1338 1461 1400 1515 erga
1432 1461 1471 1496 uos

348 1529 499 1583 Mandata
518 1528 578 1593 Dei,
596 1528 642 1580 clr.
663 1532 730 1583 Lern.
963 1529 1011 1581 131
1029 1548 1067 1599 eq.

348 1615 495 1668 Manibus
514 1618 624 1667 extensis
643 1616 749 1668 orabant
761 1612 896 1667 Christiani
925 1614 1152 1668 Montanistae
1180 1617 1249 1682 105,
1281 1627 1338 1670 661.
1368 1619 1392 1671 3.
1421 1618 1470 1683 369,

382 1703 423 1754 54.
885 1726 888 1731 r
959 1711 1012 1754 not.
1032 1703 1056 1753 2.
1100 1703 1205 1755 Hermas
1231 1704 1404 1757 Montanistas
1429 1708 1470 1756 im·

315 1781 319 1787 ⁴
348 1789 568 1842 Mansuetudo
585 1797 611 1840 et
623 1788 749 1841 humilitas
761 1791 896 1855 astriotes,
959 1799 1053 1858 pugnat
1071 1789 1131 1842 350.
1151 1790 1211 1843 351.
1231 1792 1297 1843 352.
1316 1793 1379 1844 371.
1398 1793 1450 1844 405.

294 1882 298 1889 ’
383 1893 431 1945 qua
452 1878 569 1944 princeps
587 1875 662 1942 hujus
682 1878 765 1929 mundi
785 1879 896 1932 dertrui-
925 1876 1009 1928 Mors
1036 1886 1062 1928 ct
1087 1881 1139 1929 vita
1164 1879 1318 1933 incumbunt
1343 1881 1429 1944 simul,
1451 1887 1470 1930 et

384 1973 425 2016 tur
442 1963 501 2014 188.
830 2002 833 2007 .
960 1965 1132 2034 unusquisque
1168 1967 1193 2016 in
1229 1970 1368 2034 proprium
1399 1966 1470 2018 locum

347 2050 476 2103 Marcus
497 2052 557 2104 292.
959 2053 1037 2102 iturus
1068 2060 1107 2102 est
1138 2041 1210 2105 176.
1246 2053 1352 2105 Bonum
1382 2062 1469 2118 est,s

348 2138 458 2191 Maria.
495 2139 534 2190 Ex
554 2141 652 2208 virgine
672 2155 736 2191 uere
760 2149 832 2192 natus
858 2151 898 2193 eat
958 2138 1050 2190 mundo
1076 2139 1106 2189 ad
1127 2140 1208 2191 Deum
1235 2142 1379 2206 occidere,
1406 2150 1431 2192 ut
1451 2142 1469 2190 in

382 2226 448 2277 filius
467 2226 515 2277 Dei
534 2227 593 2278 222.
631 2226 743 2279 Christus
770 2246 802 2281 ex
821 2230 897 2280 Maria
959 2227 1015 2292 ipso
1040 2228 1150 2278 oriamur
1178 2227 1236 2278 198.
1275 2229 1347 2280 Mors
1374 2246 1423 2280 666
1443 2230 1469 2278 ti·

383 2312 725 2383 eterlle0158.166sq.
753 2315 896 2383 Principem
957 2315 1048 2365 menda
1075 2314 1123 2365 138
1142 2330 1180 2382 sq.
1217 2314 1288 2366 Mors
1314 2315 1409 2368 Christi
1432 2332 1470 2366 ss·

384 2402 458 2467 hujus
482 2402 569 2453 mnndi
596 2401 668 2452 latuit
695 2401 789 2454 Mariae
815 2405 897 2472 virgi·
959 2403 1067 2467 pictoria
1087 2400 1132 2452 clr.
1153 2405 1292 2455 ebriatus.

382 2492 448 2542 nitas
469 2489 526 2541 168.
663 2539 667 2545 ,
925 2484 1165 2540 Mosis'humitttas
1183 2490 1217 2540 76
1236 2506 1293 2557 sq.;
1314 2491 1408 2559 iugens
1425 2490 1470 2554 ejus

349 2576 460 2627 Mariti
484 2576 590 2643 diligant
613 2576 736 2644 conjuges
759 2593 818 2628 suas
837 2577 896 2629 238.
959 2590 1020 2641 erga
1046 2576 1167 2642 populum
1194 2591 1270 2635 ,amor
1296 2579 1360 2630 124.
1398 2578 1470 2628 Moses

287 2676 293 2684 ·
383 2661 434 2713 Eas
450 2663 704 2715 doceant'ambulare
717 2665 742 2714 in
754 2663 814 2728 lide,
833 2665 896 2714 cha·
960 2677 1009 2729 qua
1022 2664 1121 2712 ratione
1134 2665 1331 2714 contentionem
1347 2666 1381 2715 de
1393 2680 1470 2715 sacer·

383 2752 457 2801 ritate
483 2759 509 2801 et
532 2754 664 2815 castitate,
690 2759 803 2802 amantes
828 2753 897 2802 viros
960 2749 1037 2799 dotali
1057 2749 1179 2816 dignitate
1194 2751 1369 2803 sedarit1l0.
1399 2751 1470 2802 Moses

383 2852 442 2888 suos
467 2837 525 2888 260.
564 2836 724 2890 Continentia
751 2840 896 2890 maritorum
960 2843 1036 2901 typus
1055 2835 1146 2885 Christi
1165 2845 1192 2886 ct
1210 2839 1297 2887 crucis
1319 2837 1357 2889 30
1373 2855 1411 2907 sq.

383 2923 443 2976 327,
481 2924 531 2978 Cir,
551 2929 634 2980 Uxor,
925 2920 1032 2971 Mundi
1051 2928 1119 2972 trans
1138 2921 1271 2973 Ocesnnm
1290 2925 1338 2976 82.

349 3011 522 3078 Martyres.
555 3012 796 3080 Magnamartprum
809 3012 897 3063 multi·
926 3008 1091 3060 Muraenae
1116 3007 1301 3062 esusludaeis
1325 3013 1469 3064 16166621.

383 3099 445 3150 tudo
459 3107 574 3167 tempore
588 3098 724 3150 Clementis
736 3097 842 3153 Romani
855 3099 896 3149 62.
926 3095 1088 3161 Mysteria
1101 3093 1183 3158 l'utris
1207 3109 1374 3165 cognoscunt
1392 3100 1469 3151 ddelee

383 3185 521 3254 Martyrum
563 3187 704 3238 constantia
744 3185 897 3237 admirabilis
959 3181 1019 3235 316.
1053 3182 1090 3233 Ea
1118 3184 1177 3250 ipsis
1202 3183 1351 3239 declaravit
1370 3187 1469 3238 Verbum

383 3273 442 3325 271.
462 3273 520 3326 316.
540 3275 600 3326 331.
636 3273 710 3325 Feris
729 3273 840 3338 objecti,
871 3281 896 3323 ut
960 3284 1019 3321 caro
1045 3269 1139 3319 lactum
1165 3269 1227 3321 318.
1272 3271 1334 3325 Tris
1363 3275 1468 3340 mysteria

384 3361 513 3430 abnegent
527 3362 675 3429 Dominum,
693 3377 745 3412 non
764 3362 898 3422 vincuntur
924 3392 933 3405 .
960 3355 1078 3408 clamoris
1100 3343 1159 3407 168·
1272 3379 1276 3387 -

384 3447 443 3501 310.
479 3449 536 3513 Quo
556 3449 641 3517 plures
659 3457 798 3511 necantur,
824 3455 896 3499 tanto

383 3537 464 3604 major
493 3536 519 3586 111
549 3535 660 3586 fidelium
687 3551 807 3586 numerus
833 3538 895 3587 ibid.
1160 3518 1220 3568 'N‘

385 3620 505 3690 Martyrio
538 3637 612 3691 nemo
642 3638 671 3672 se
698 3623 778 3689 ipsum
806 3629 896 3689 sponte
924 3619 1089 3672 Matalitia
1109 3617 1261 3670 Sanctorum
1280 3619 1345 3672 290.

385 3710 476 3760 olierat
494 3707 553 3759 276.
583 3707 719 3774 Martyrum
738 3709 820 3760 honor
838 3708 896 3760 331.
924 3706 1469 3776 Negotiartonesmandamentum

385 3796 445 3847 431.
476 3793 565 3845 Deleta
584 3803 641 3849 sunt
660 3796 751 3846 delicta
770 3795 834 3860 ejus,
854 3798 896 3864 qui
924 3795 1073 3857 Nicetes,
1100 3791 1469 3860 paterlierodisireaarchse

385 3883 480 3949 patitur
496 3890 600 3949 propter
615 3898 707 3935 nomen
720 3882 820 3933 Domini
834 3886 896 3936 ibid.
959 3880 1019 3932 280.
1038 3880 1098 3931 290.

386 3968 488 4020 Vincula
507 3969 655 4021 Sanctorum
676 3976 734 4021 sunt
754 3967 896 4020 diademata
924 3969 994 4021 1166
1024 3969 1207 4035 poeniteutiam
1238 3969 1400 4035 praedicavit
1428 3968 1470 4031 6⁴3

386 4071 473 4107 eorum
492 4057 551 4108 256,
959 4064 986 4108 61
1003 4055 1096 4106 mundo
1115 4056 1345 4124 regenerationem
1364 4055 1406 4108 66.

351 4140 596 4195 Matrimonium
637 4146 725 4195 ineunt
763 4142 896 4209 Christiani
923 4142 1066 4213 Nuptiae
1085 4142 1117 4193 de
1133 4144 1261 4194 sententia
1278 4145 1396 4211 episcopi
1408 4142 1471 4206 lisut,

386 4225 452 4296 301;
480 4231 512 4283 de
537 4233 663 4282 sententia
689 4233 896 4299 episcopicon-
958 4239 985 4282 ut
1010 4230 1147 4283 secundum
1172 4230 1311 4282 Dominum
1336 4233 1401 4296 sint,
1425 4244 1472 4280 noa

226 4286 338 4650 Ἰ
382 4317 480 4390 jugium
493 4318 596 4392 iaciant,
608 4317 895 4384 utnuptiaesecundum
958 4316 1095 4394 secundum
1104 4317 1272 4386 cupiditatem
1281 4319 1346 4371 210.
1368 4319 1472 4388 Msptise
