3659 5209
487 540 625 597 HERMAE
642 540 777 596 PASTOR.
813 541 957 595 ttondit.
995 542 1142 597 MADDAT.
1160 544 1214 600 ΧΠ.
1352 551 1415 617 373

278 704 358 790 jecti
381 703 492 767 fuerint
514 703 664 785 cupiditati
688 704 790 781 malae,
814 704 842 767 in
865 712 1040 786 perpetuum
1058 707 1238 783 morientum
1263 709 1416 773 mortitera

284 812 368 874 enim
385 815 431 871 est
446 810 520 871 haec
536 810 679 890 cupiditas
696 810 779 871 naata.
814 810 857 872 Tu
876 828 953 893 engo
964 811 1056 874 indue
1069 813 1258 894 cupiditatem
1272 814 1415 896 Justitiae5

284 922 319 980 et
341 920 470 977 armatus
495 918 599 976 timore
616 915 741 995 Domini,
764 915 871 1002 resiste
888 915 1040 996 cupiditati
1062 919 1165 980 malae.
1211 918 1313 980 Timor
1336 921 1414 982 enim

282 1020 399 1083 habitat
422 1022 451 1082 in
474 1020 635 1100 cupiditate
658 1021 746 1082 bona.-
791 1019 826 1081 Et
850 1021 995 1100 cupiditas
1019 1023 1109 1101 mala,
1142 1043 1230 1105 quum
1256 1022 1362 1085 viderit
1385 1031 1415 1086 te

283 1132 431 1203 armatum
455 1125 561 1187 timore
585 1124 713 1204 Domini,
736 1125 925 1187 resistentem
949 1127 1021 1208 sibi,
1047 1127 1141 1210 fugiet
1163 1148 1180 1190 a
1203 1135 1234 1190 te
1255 1120 1362 1209 tange,
1387 1130 1417 1190 et

282 1249 351 1293 non
375 1229 557 1312 comparebit
580 1233 656 1291 ante'
672 1236 710 1308 te,
734 1230 839 1291 timens
856 1248 936 1290 arma
954 1239 1013 1309 tua,
1037 1238 1067 1294 et
1089 1231 1236 1295 obtinebis
1253 1233 1416 1310 victoriam,

284 1343 320 1401 et
343 1335 539 1399 coronaberis
563 1335 600 1396 ob
625 1334 712 1412 illam,
737 1341 766 1395 et
781 1336 950 1416 'pervenies
974 1337 1009 1399 ad
1034 1338 1221 1419 cupiditatem
1244 1340 1362 1416 bonam,
1386 1344 1417 1399 et

280 1443 391 1505 trades
413 1442 565 1504 uictoriam
589 1441 670 1519 Deo,
695 1459 781 1522 quam
804 1442 977 1522 acceperis,
1007 1448 1037 1505 et
1059 1444 1175 1505 servies
1199 1444 1227 1505 ei
1250 1443 1416 1524 operando,

284 1546 454 1627 sicutipse
479 1545 619 1609 volneris.
989 1562 991 1566 ·

289 1642 380 1714 1Ἐάν
400 1647 436 1713 δὲ
458 1640 630 1734 δουλεύσῃς
657 1649 701 1735 τῇ
722 1645 841 1714 ἐπιθυ·
872 1649 927 1716 'Si
959 1658 1057 1715 antem
1090 1654 1234 1717 servieris
1266 1653 1416 1736 cupiditati

281 1751 356 1875 peip
375 1754 414 1842 τῇ
443 1744 566 1841 αγαθῇ,
596 1750 648 1817 καὶ
678 1745 841 1841 αποταγῇς
866 1758 982 1837 bonae,
1021 1765 1051 1820 et
1081 1759 1216 1822 subditus
1246 1760 1274 1821 ei
1304 1753 1416 1834 tueris}

284 1854 387 1948 αυτῇ,
432 1849 564 1924 dinudat
601 1860 839 1946 κατακαριεῦσαι
867 1865 981 1943 poteris
1005 1862 1149 1926 dominari
1180 1882 1272 1945 super
1296 1863 1416 1945 cupidi*
1410 1872 1427 1883 “

284 1967 347 2054 τῆς
284 1957 540 2045 τνὲττιθυμίας
555 1960 774 2050 τῆςττοννρᾶς,
789 1959 841 2025 καὶ
868 1973 956 2027 tatem
973 1969 1085 2045 matam,
1106 1975 1136 2030 et
1152 1969 1207 2030 erit
1222 1967 1338 2030 subdita
1354 1967 1416 2048 tibi,

286 2060 570 2155 ὑποταξαιαύτὴν,
592 2062 704 2143 καθώς
720 2059 839 2148 pooiet.
867 2071 944 2132 sicut
966 2071 1129 2133 volueris.“

335 2166 493 2239 vimmo
507 2175 631 2260 yncainon,
643 2172 751 2248 ποίοις
764 2164 839 2260 cpo'-
910 2175 956 2236 ΙΙΙ.
991 2172 1150 2253 ²,Vetlem
1172 2177 1260 2256 scire,
1286 2159 1416 2258 domine,

286 2292 368 2355 ποις
390 2279 442 2344 δεῖ
463 2302 503 2361 με
523 2279 690 2344 δουλεῦσαι
708 2285 748 2366 τῇ
768 2276 838 2343 ἐπι-
866 2297 926 2359 quo
943 2278 1031 2342 modo
1048 2281 1165 2341 servire
1182 2280 1305 2344 debeam
1327 2283 1416 2364 eopi-

287 2383 399 2472 θυμία
419 2391 459 2473 τῇ
481 2376 598 2472 αγαθῇ.
636 2376 767 2448 'Hanno'
790 2380 838 2471 ἔρ
866 2383 947 2449 ditati
970 2384 1096 2446 bonac.“
1146 2384 1275 2465 ,Antist
1302 2374 1420 2466 inquit:¹

288 2513 387 2580 γασαι
419 2482 611 2577 δικαιοσύνην
644 2488 719 2554 καὶ
730 2482 842 2577 oipemjn
867 2487 963 2567 ,habe
987 2490 1122 2580 timorem
1143 2490 1198 2552 Dei
1222 2498 1251 2553 et
1275 2490 1362 2552 tidem
1378 2490 1422 2555 in¹

235 2642 245 2659 ·.
289 2593 465 2723 ἀλαθείας,
487 2618 554 2659 και
586 2587 692 2684 φόβαν
723 2617 840 2683 anoton,
866 2593 941 2671 Deo,
964 2601 993 2655 et
1008 2595 1162 2659 veritatem
1179 2614 1252 2677 ama
1277 2604 1307 2659 et
1320 2595 1416 2679 Justt

235 2730 246 2771 ι
286 2725 343 2768 και
359 2723 475 2779 nmmo
491 2722 542 2765 και
558 2723 690 2786 αγαττν
734 2704 841 2765 Ταῦτα
866 2698 933 2758 tiam
951 2699 1049 2781 dilige,
1066 2707 1096 2761 et
1113 2699 1158 2762 iac
1177 2701 1295 2763 bonnm.
1335 2694 1428 2764 Haec

235 2818 247 2879 i
287 2798 748 2898 ἐργαζόμενοςεύάρεστοςέαῃ
765 2804 839 2869 δοῦ-
866 2786 1018 2884 operando
1049 2806 1192 2885 probatus
1223 2806 1283 2866 eris
1307 2808 1423 2881 servus

235 2913 349 2989 ·λος
373 2911 467 2976 Θεου.
491 2946 533 2957 -
704 2923 707 2928 ·
851 2896 1003 2986 Domini,
1014 2914 1043 2971 et
1058 2927 1174 2974 servies
1191 2900 1273 2987 Deo
1298 2917 1327 2972 et
1346 2928 1416 2972 om·

235 3046 247 3091 t
329 3044 332 3050 ·
546 3030 549 3034 ·
720 3075 723 3083 ,
814 3000 817 3007 ⁴
867 3031 931 3091 nos,
955 3031 1134 3095 quicumque
1152 3016 1310 3077 servierint
1328 3032 1416 3095 cupi

235 3154 247 3197 ι
289 3119 389 3187 3’Καὶ
418 3115 604 3195 συντελέσας
633 3117 690 3194 τας
718 3116 841 3183 δώδεκα
856 3119 1285 3197 'ditatibonae,viventDeo.“
1309 3115 1416 3181 ³Con-

243 3260 249 3299 ι
288 3224 409 3302 ταύτας
431 3222 560 3299 ἐντολάς
581 3223 681 3309 λέγει·
707 3226 748 3272 -’-
778 3246 840 3288 nco-
867 3213 1018 3286 summatis
1033 3223 1080 3284 his
1096 3224 1239 3285 mandatis
1258 3221 1415 3286 duodecim

236 3364 249 3409 ι
290 3324 387 3423 pedon
408 3328 441 3397 ἐν
455 3334 528 3404 ταῖς
543 3328 687 3405 ἐντολαῖς
702 3329 841 3408 ταύταις,
866 3328 940 3391 dixit
956 3328 1038 3389 mihi:
1057 3327 1169 3406 ,babes
1182 3327 1256 3390 haec
1270 3329 1416 3411 mandata,

236 3472 248 3515 ρ
289 3436 344 3503 καὶ
369 3433 543 3523 παρακάλει
557 3433 608 3500 καὶ
623 3433 696 3509 τούς
711 3431 842 3501 α’κούον-
867 3433 982 3495 ambula
998 3435 1027 3494 in
1044 3432 1105 3510 b·is;
1130 3440 1159 3494 et
1181 3432 1336 3496 audientes
1356 3435 1417 3521 bo-

236 3574 251 3621 ¹
290 3566 350 3618 τας
373 3530 575 3629 πορεύεσθαι
597 3537 628 3604 ἐν
650 3532 768 3618 αιῖταῒς,
791 3535 843 3604 ἵνα
867 3539 962 3600 mines
986 3537 1122 3616 hortare,
1143 3522 1180 3600 'ut
1203 3540 1416 3622 poenitentiam

291 3639 486 3770 ἦμετὸααια
508 3638 609 3710 αὐτῶν
630 3639 759 3732 καθαραὶ
790 3641 841 3731 γέ-
868 3649 975 3725 agant,
1020 3649 1050 3706 et
1087 3643 1283 3724 poenitentia
1311 3653 1430 3708 eorum·

236 3782 254 3827 ι
290 3777 382 3841 ναιαι
404 3773 462 3826 τας
493 3743 610 3826 λοιπὰς
639 3742 760 3838 ἡμέρας
787 3744 843 3836 τῆς
868 3748 974 3810 munda
995 3747 1045 3810 fiat
1065 3750 1187 3830 reliquis
1208 3748 1313 3812 diebus
1336 3743 1416 3812 vit'ae

236 3858 375 3944 gorg
397 3854 509 3922 αὐτῶν
869 3873 982 3918 eorum.

237 3969 327 4031 .··Et
341 3955 545 4028 ministerium
568 3963 635 4040 boc,
659 3961 738 4044 quod
763 3962 813 4025 tibi
836 3963 884 4041 do,
909 3960 1025 4041 explica
1045 3957 1222 4047 diligentem
1246 3965 1275 4020 et
1295 3920 1416 4021 muttum

236 4145 238 4150 ,
290 4069 490 4149 consequeris
507 4067 641 4146 fructum,
666 4067 720 4130 et
712 4067 848 4131 invenies
863 4066 987 4147 gratiam
1004 4063 1082 4145 apud
1099 4079 1212 4140 omnes,
1236 4063 1288 4143 qui
1306 4056 1416 4144 poeni·

327 4316 357 4380 a)
372 4292 477 4364 ninam
539 4298 541 4303 ·
903 4307 933 4374 3)
951 4304 990 4382 na
1011 4310 1101 4360 noto.
1128 4308 1161 4359 m
1185 4292 1304 4359 amam.
1329 4321 1354 4357 n.
1374 4304 1415 4356 aa.

326 4404 358 4471 2)
378 4399 417 4451 Ex
436 4403 524 4454 Docta.
544 4401 577 4452 mi
596 4401 714 4452 ,intincti¹
735 4397 751 4449 1.
772 4414 792 4449 c.
866 4413 891 4464 p.
910 4395 970 4448 259.
