3659 5209
442 550 528 607 LXXX
876 548 1129 605 PROLEGOllEllA.
1395 550 1565 622 [actsrott

528 715 574 777 tv.
619 670 745 777 Jamde
774 715 953 795 intepritotc
984 712 1148 775 dicendum.
1195 711 1346 790 Dallneus,
1380 731 1450 776 eum
1484 720 1564 778 totam

431 820 595 902 epistolam
618 821 745 902 rejicere
768 838 801 881 se
824 836 915 901 posse
948 835 1007 877 uon
1039 823 1191 897 speraret,
1224 816 1351 877 ultimam
1388 823 1479 879 certe
1508 821 1564 902 ejus

441 933 553 1006 partem
577 925 739 1006 Polycarpo
763 924 946 1005 suppositam
976 920 1145 999 contendit,
1177 921 1413 984 assentientibus
1430 922 1564 1005 Moynio,

441 1028 589 1091 Bursenio
609 1027 637 1111 1)
661 1035 690 1090 et
711 1030 784 1091 aliis.
831 1028 890 1091 Sed
1158 1090 1160 1094 ,
1222 1101 1224 1105 y

525 1132 561 1216 a)
592 1133 655 1197 lam
684 1134 831 1207 t'wsebius
863 1127 955 1214 (Hist.
980 1130 1053 1192 eccl.
1077 1130 1129 1207 lll,
1155 1127 1225 1212 36.)
1257 1132 1563 1212 posterioremlrano

439 1239 582 1320 epistolae
597 1243 709 1318 partem
726 1241 804 1316 citat,
828 1244 917 1318 atque
933 1255 971 1298 ex
988 1256 1022 1297 ea
1039 1233 1083 1318 (c.
1105 1233 1173 1317 13),
1197 1241 1229 1297 ut
1249 1253 1288 1297 ex
1303 1237 1561 1318 praecedentibus,

435 1343 580 1424 quaedam
604 1344 757 1425 Polycarpi
780 1345 872 1405 verba
897 1342 1098 1421 transscripsit
1115 1337 1157 1423 ²).

524 1445 562 1530 b)
587 1447 751 1525 Eusebius,
775 1455 806 1509 ut
831 1449 906 1510 bene
930 1448 1109 1509 Pearsonius
1133 1447 1220 1507 docet
1237 1441 1287 1529 ³),
1315 1464 1373 1509 nec
1399 1446 1487 1528 ialli,
1517 1469 1560 1513 nor

436 1553 539 1615 saltere
563 1555 665 1634 potuit.
711 1553 781 1614 Erat
804 1555 880 1614 enim
904 1559 963 1615 tota
989 1553 1112 1633 epistola
1143 1552 1279 1612 omnibus
1309 1556 1454 1632 exposita
1465 1575 1476 1630 3
1510 1562 1559 1617 ent

434 1657 464 1719 in
497 1658 632 1719 ecclesiis
664 1659 802 1749 Asiaticis
835 1666 906 1738 tunc·
934 1659 1091 1737 temporis,
1127 1676 1192 1719 cum
1225 1656 1374 1718 scriberet
1408 1659 1557 1738 Eusebius,

434 1763 553 1844 publice
577 1764 670 1839 lecta;
694 1771 781 1834 norat
804 1784 866 1826 eam
892 1767 1105 1845 Hieronymus,
1134 1764 1218 1844 cujus
1241 1763 1396 1842 versioni,
1420 1767 1483 1826 nisi
1506 1766 1556 1828 aliis

435 1875 614 1948 occupatus,
638 1870 835 1947 incubuisset,
861 1875 890 1930 et
912 1876 1009 1930 tamen
1033 1868 1199 1930 Eusebiana
1227 1886 1379 1947 nunquam
1405 1873 1555 1932 recusavit

434 1973 480 2034 De
504 1974 551 2035 illa
576 1975 664 2056 igitur
687 1975 839 2054 particula,
865 1994 950 2055 quom
976 1974 1134 2053 exscripsit
1156 1972 1318 2049 Eusebius,
1349 1974 1483 2036 dubitari
1507 1991 1555 2035 non

434 2084 548 2158 potest,
577 2081 632 2142 nisi
663 2081 749 2142 etiam
779 2080 816 2141 de
848 2086 907 2142 tota
938 2080 1062 2162 epistola
1093 2079 1178 2141 simul
1211 2079 1324 2159 absque
1356 2080 1419 2142 ulla
1450 2082 1555 2143 ratione

434 2182 617 2246 dubitemus:

380 2311 382 2317 ·
466 2316 468 2322 ·
519 2288 601 2363 Quae
618 2290 758 2352 Dallaeus
782 2309 821 2352 ex
845 2289 969 2369 epistola
994 2289 1056 2369 ipsa
1081 2297 1183 2350 contra
1210 2289 1412 2371 integritatem
1440 2291 1552 2373 proicit,

304 4550 392 4658 h

431 2395 539 2456 nullius
564 2398 702 2456 momenti
726 2413 806 2471 esse,
832 2393 916 2454 facile
941 2396 1113 2473 perspicies.

501 2497 553 2580 a)
578 2500 820 2561 Decentissimmn
838 2500 981 2578 epistolae
998 2500 1156 2560 clausulam
1174 2518 1199 2560 c.
1220 2497 1258 2561 12
1281 2501 1423 2579 inveniri,
1450 2504 1552 2584 reliqui

429 2605 519 2685 igitur
542 2611 645 2684 postea
670 2605 785 2685 adjecta
811 2620 889 2678 osse,
914 2605 1065 2664 contendit
1090 2606 1134 2663 vir
1158 2605 1285 2665 criticus.
1332 2607 1393 2668 Sed
1421 2609 1552 2671 clausulis

429 2709 575 2790 ejusmodi
592 2718 662 2777 onte
680 2709 765 2770 lruem
786 2709 874 2769 totius
894 2706 1039 2788 epistolae
1055 2709 1082 2768 S.
1100 2709 1203 2769 Paulus
1228 2727 1347 2788 quoque
1372 2720 1403 2773 et
1421 2713 1552 2776 Clemens

428 2803 581 2876 Romanus
608 2815 663 2875 usi¹
683 2820 769 2886 sunt;
799 2812 851 2873 cir.
884 2812 919 2873 ad
948 2812 1032 2873 Rom.
1058 2812 1111 2885 15,
1137 2810 1255 2874 33,εά
1285 2815 1397 2895 pres.
1416 2815 1467 2896 3,
1492 2816 1552 2894 tte

428 2914 552 2982 letoni.
577 2918 612 2978 ad
637 2918 705 2979 Cor.
729 2935 812 2997 capp.
837 2914 887 2978 20.
911 2914 962 2980 38.
987 2915 1036 2978 do.
1061 2914 1111 2980 50.
1135 2914 1185 2978 58.

516 3018 553 3103 b)
579 3015 734 3104 lmpostor,
757 3024 781 3083 si
808 3023 956 3083 [laliacum
980 3022 1090 3098 auritas,
1115 3023 1153 3081 ita
1177 3022 1316 3100 loquitur,
1344 3033 1376 3086 ut
1402 3027 1552 3107 Ignatium,

428 3144 487 3205 quo
512 3133 646 3206 tempore
670 3128 743 3187 liaeo
766 3129 873 3207 scripta
897 3134 973 3203 suot,
997 3128 1091 3187 arlbuo
1110 3117 1469 3210 ‘superessesignilieet
1502 3137 1552 3199 vlle

427 3229 507 3307 ipso,
533 3231 625 3310 inquit
649 3249 673 3291 c.
702 3230 758 3308 13,,
781 3231 913 3311 lyuotio,
939 3240 969 3292 ct
991 3232 1029 3292 dc
1051 3232 1109 3305 bis,
1135 3229 1277 3309 quicum
1300 3253 1336 3295 eo
1361 3247 1451 3314 sunt,
1479 3240 1554 3322 quod

428 3335 543 3395 certios
559 3338 762 3414 opnoccia'tis,
780 3339 963 3416 sippificotc.
995 3336 1105 3397 Prioris
1121 3342 1217 3396 autem
1231 3339 1322 3416 portis
1335 3347 1448 3404 auctor
1461 3346 1506 3423 (c.
1521 3343 1552 3428 9)

426 3441 613 3521 apertissime
636 3440 775 3516 allinunt,
807 3443 948 3523 lgnatinm
969 3444 1029 3523 jam
1055 3440 1148 3501 luisse
1177 3447 1331 3502 mortuum.
1377 3445 1483 3512 Futile
1505 3451 1552 3513 boo

427 3552 657 3623 argumentum..
680 3546 713 3606 Si
730 3549 805 3608 enim
824 3550 913 3609 verba
933 3548 980 3608 illa
998 3567 1022 3608 c.
1044 3544 1092 3622 13,
1110 3547 1252 3606 rrrnndacii
1269 3557 1420 3636 accusata,
1448 3573 1551 3636 graeco

426 3646 521 3707 adbuc
536 3655 696 3709 exstarent
719 3646 790 3730 (καὶ
812 3645 886 3734 περὶ
906 3644 1053 3732 'Iyrrnloo
1074 3646 1125 3730 troi
1147 3647 1226 3734 περὶ
1248 3655 1310 3710 τῶν
1324 3649 1403 3734 μετ’
1427 3655 1552 3745 ochoi),

422 3765 513 3812 neruo
537 3759 618 3812 certe
643 3755 854 3833 contenderet,
883 3756 1029 3838 lgnati‘nrn
1053 3757 1155 3816 adbuc
1177 3757 1279 3829 oleum
1310 3759 1366 3828 illis
1390 3745 1552 3846 significari

426 3862 476 3916 aut
499 3856 589 3916 innui.
1357 3916 1359 3918 ,

513 3959 540 4020 N
543 3963 688 4041 uperrime
700 3964 750 4026 Dr.
761 3966 883 4028 Rits'clrl
898 3962 1035 4048 (altlratlr.
1048 3965 1165 4043 llircbe,
1179 3965 1262 4029 Eonn
1276 3965 1379 4050 1850)
1392 3972 1456 4036 alio
1471 3975 1552 4039 modo

426 4060 460 4126 ac
472 4058 792 4147 'Dallaeus-permultos
809 4070 896 4151 hujus
914 4071 1172 4161 epistolaeloeoS,
1192 4092 1231 4133 ex
1247 4075 1376 4136 diversis
1398 4082 1552 4161 capitibus,

462 4216 488 4281 1)
507 4217 557 4271 cn,
570 4225 687 4288 Eunoen,
701 4220 811 4289 lgnatius
820 4239 843 4274 v.
855 4223 972 4276 Antioch.
1036 4224 1071 4284 3)
1083 4224 1180 4278 Vindio.
1193 4224 1272 4293 lgnat.
1286 4226 1312 4277 P.
1326 4228 1356 4280 ll.
1373 4246 1434 4300 cup.
1450 4235 1473 4287 V
1492 4234 1552 4305 opud

423 4320 450 4369 nu.
470 4307 540 4356 scine
559 4307 624 4359 Zeis.
647 4309 719 4357 iser.
741 4325 765 4374 ρ.
788 4309 845 4360 108.
908 4366 913 4369 ,
1002 4316 1110 4368 Ootcter.
1132 4313 1147 4364 l.
1167 4329 1188 4367 c.
1208 4329 1233 4380 p.
1253 4313 1305 4364 300
1322 4330 1380 4386 sqq.

459 4391 488 4468 2)
499 4391 972 4467 Clr,suprap.lllllllllletlloumium
1323 4399 1326 4403 ⁴
1358 4446 1361 4450 Α
