3659 5209
348 543 376 597 S.
398 539 605 610 Rundanas]
719 562 724 577 ·
791 537 1048 593 ruotuoottttn'n.
1433 545 1479 598 xv

393 701 436 789 β)
462 702 572 765 Eadem
589 703 618 766 in
635 703 780 778 omnibns,
802 719 878 782 quos
893 701 1047 776 babemus,
1068 702 1185 782 graecis
1202 703 1354 767 codicibus
1372 712 1478 770 exstat.

394 806 434 893 y)
463 808 528 870 Non
560 809 656 870 minus
687 809 716 870 in
746 807 956 870 stiobometriis
986 813 1121 868 veterum
1151 825 1220 888 pars
1249 810 1322 872 hacc
1346 811 1478 875 secunda

463 917 679 976 numerabatur.

399 1014 438 1101 d)
462 1019 558 1082 Sancti
575 1019 654 1081 Pauli
678 1035 800 1098 quoque
824 1017 969 1097 epistolae
991 1015 1067 1097 parti
1087 1014 1251 1078 didacticae
1268 1016 1387 1082 alteram
1404 1039 1477 1102 par-

462 1130 521 1185 tem
545 1127 760 1205 paraeneticarn
784 1121 958 1203 adjungunt.

395 1224 432 1312 a)
463 1228 493 1291 ln
517 1236 600 1310 parte
624 1229 756 1292 secunda
781 1227 818 1289 de
840 1228 956 1289 duabus
980 1226 1035 1288 viis
1059 1226 1234 1303 disseritur,
1268 1245 1391 1307 quarum
1418 1228 1480 1308 jam

463 1334 491 1394 in
514 1342 598 1413 parte
622 1334 713 1414 prima
738 1352 801 1413 cap.
826 1329 846 1394 4
870 1339 899 1394 et
923 1330 942 1396 b'
966 1333 1075 1395 mentio
1101 1331 1197 1393 inerat
1221 1330 1309 1392 iacta.

306 1429 311 1436 ’
395 1433 433 1520 ζ)
465 1438 537 1518 Styli
560 1426 759 1500 diversitatem
784 1457 823 1498 ex
846 1438 966 1498 diversa
988 1439 1142 1516 utriusque
1161 1438 1254 1516 partis
1271 1435 1370 1499 indole
1388 1443 1482 1501 ortum

464 1560 533 1604 esse
556 1541 651 1620 tacite¹
667 1544 871 1624 perspicimus.

442 1642 471 1707 2.
517 1647 622 1708 Primo
644 1665 765 1728 quoquo
790 1647 934 1728 epistolae
956 1665 1027 1728 pars
1050 1648 1166 1731 integra
1196 1653 1225 1708 et
1251 1648 1288 1709 ab
1313 1648 1481 1729 interpola-

346 1752 483 1814 tionibus
507 1753 601 1814 libera
625 1761 670 1813 est
693 1751 864 1833 reputanda.

396 1855 437 1942 α)
462 1858 583 1940 Singula
608 1857 685 1920 enirn
709 1860 804 1939 capita
827 1858 914 1920 unius
938 1859 1104 1939 argumenti
1127 1863 1196 1920 sunt
1216 1864 1327 1939 partes,
1352 1876 1481 1939 eumque

464 1962 574 2025 habent
598 1963 700 2041 linem,
724 1971 756 2024 ut
780 1963 1011 2040 demonstretur,
1034 1964 1214 2027 ludaisrnum
1238 1985 1306 2028 esse
1329 1967 1479 2044 abolitum,

464 2086 624 2148 novaeque
655 2087 722 2129 eurn
753 2069 950 2129 oeconomiae
978 2068 1078 2129 salutis
1109 2072 1255 2149 cessisse,
1286 2090 1373 2152 quam
1403 2072 1480 2153 typis

464 2176 707 2253 praemonstrare
726 2173 787 2253 jam
810 2172 847 2234 ab
872 2170 953 2233 initio
976 2170 1118 2233 ludaismi
1141 2191 1247 2235 munus
1271 2181 1342 2237 erat.

398 2274 443 2361 β)
466 2276 583 2340 Falsum
607 2283 661 2355 est,
686 2277 764 2356 qnod
781 2276 978 2342 Schenkelius
1001 2276 1163 2355 contendit,
1187 2285 1273 2357 caput
1288 2287 1404 2340 sextum
1420 2299 1481 2343 non

466 2400 532 2444 omn
555 2383 691 2463 septimo,
714 2383 770 2445 sed
786 2382 903 2447 demum
920 2401 986 2445 cum
1002 2383 1090 2445 tertio
1109 2380 1225 2444 decimo
1244 2384 1385 2444 orationis
1402 2404 1482 2447 nexu

464 2481 534 2550 esse
559 2489 757 2570 conjunctum.
803 2489 846 2552 Ea
870 2489 948 2550 enirn
969 2487 1074 2570 capita,
1102 2505 1181 2566 quae
1204 2486 1401 2550 Sobenlretius
1426 2489 1482 2549 de-

464 2589 551 2654 lenda
574 2599 664 2673 putat,
688 2613 713 2655 c.
738 2593 845 2657 7-12
868 2593 946 2672 incl,
969 2593 1010 2656 nil
1033 2592 1128 2670 aliud,
1152 2591 1207 2652 nisi
1231 2591 1482 2654 continuationem

465 2697 669 2760 antecedentis
681 2697 952 2778 demonstrationis,
963 2716 1072 2762 novam
1086 2697 1292 2758 oeconomiam
1304 2695 1482 2758 aludaismo

464 2801 541 2884 typis
565 2801 658 2865 fuisse
682 2805 987 2884 praemonstrandam,
1011 2803 1173 2866 continent.

393 2903 434 2990 y)
465 2906 532 2968 Duo
556 2907 613 2968 alia
636 2926 755 2988 quoque
778 2910 889 2991 capita,
919 2905 956 2972 15
981 2915 1010 2970 et
1036 2905 1085 2988 16,
1109 2927 1186 2990 quae
1210 2907 1390 2973 Schenlrelio
1417 2905 1482 2968 dis-

361 3074 363 3078 .
463 3011 591 3093 plicent,
614 3013 731 3074 minime
755 3020 822 3074 sunt
845 3014 1026 3095 rejicienda,
1056 3017 1166 3096 quippe
1190 3032 1266 3094 quae
1290 3013 1326 3075 ad
1351 3013 1483 3076 demon-

463 3119 636 3180 strationem
660 3136 788 3180 necesse
811 3120 987 3201 pertineant.
1033 3119 1147 3201 Quodsi
1170 3121 1248 3183 enim
1278 3119 1398 3181 abolitio
1421 3118 1482 3180 Ju-

464 3220 569 3299 ¹daismi
593 3222 690 3285 suerat
713 3222 955 3304 demonstranda,
980 3225 1067 3287 etiam
1090 3226 1127 3288 de
1143 3225 1339 3308 abrogatione
1356 3225 1481 3287 subbati
1580 3214 1583 3221 ’

465 3322 510 3410 (c.
537 3324 595 3411 15)
620 3335 649 3389 et
673 3329 777 3407 templi
800 3326 844 3412 (o.
872 3325 931 3411 16)
955 3330 1047 3391 verba
1071 3328 1207 3392 iacienda
1232 3335 1325 3392 erant.

396 3425 438 3513 d)
462 3430 572 3512 Capita,
596 3432 777 3496 Sobenlrelio
801 3433 996 3515 displicentia,
1020 3452 1079 3497 non
1101 3436 1186 3498 aliter
1203 3435 1240 3498 de
1258 3436 1354 3498 veteri
1371 3435 1482 3497 Testa·

466 3544 565 3600 mento
589 3536 753 3618 disputant,
776 3557 812 3602 ac
836 3557 882 3617 ea,
905 3559 982 3620 quae
1005 3559 1060 3622 pro
1084 3542 1223 3622 genuinis
1246 3546 1315 3604 sunt
1338 3546 1482 3620 reputata.

464 3640 579 3721 Ubique
603 3641 679 3703 idem
703 3632 808 3705 fervor
831 3652 933 3708 contra
956 3647 1138 3710 Judaisnrum
1160 3649 1246 3711 nobis
1270 3649 1409 3710 occurrit.

396 3743 432 3830 ε)
464 3746 621 3828 Perperanr
646 3748 843 3812 Schenkelius
866 3751 1011 3832 affirmat,
1046 3751 1084 3814 de
1115 3772 1196 3816 nouo
1229 3770 1349 3834 quoque
1373 3752 1482 3814 Testa-

464 3858 564 3913 mento
588 3855 736 3917 contraria
761 3853 863 3918 doceri
887 3858 917 3918 in
940 3857 1067 3920 diversis
1091 3858 1243 3939 capitibus.

397 3949 436 4037 ζ)
465 3955 530 4018 Jarn
553 3956 690 4020 Clemens
714 3959 954 4039 Alexandrinus,
984 3965 1034 4043 qui
1057 3963 1168 4043 primus
1191 3963 1336 4043 epistotae
1360 3966 1482 4022 nostrae

463 4063 607 4142 meminit,
641 4066 735 4145 capita
764 4065 819 4128 ista
850 4065 1037 4146 displicentia
1065 4067 1138 4148 legit
1161 4073 1191 4128 et
1213 4067 1359 4142 laudavit,
1392 4069 1422 4124 et
1444 4078 1483 4121 ne

465 4167 612 4228 minimum
636 4169 755 4248 quidem
779 4169 1015 4250 interpolationis
1040 4172 1239 4235 testimonium
1262 4170 1343 4232 uttibi
1374 4169 1481 4228 exstat.

444 4269 488 4330 Vl.
524 4270 568 4331 De
592 4271 740 4334 doctrino
756 4272 910 4337 barnabae
933 4273 986 4337 eir.
1007 4275 1139 4337 libellum
1156 4294 1269 4339 meum:
1292 4271 1364 4334 Due
1378 4269 1482 4330 Scud-
1552 4351 1555 4358 ἱ

348 4372 518 4440 aebroibeu
541 4375 597 4438 dea
619 4374 657 4436 A.
679 4375 850 4447 Buruubus
874 4386 930 4442 eto.
956 4397 985 4462 p.
1009 4375 1191 4444 ata-262.
1236 4377 1281 4437 De
1313 4370 1418 4434 eadem
1448 4387 1483 4432 re
