3659 5209
332 558 377 612 m
769 553 1025 610 mmmm
1261 541 1462 628 ‘fflmm

332 724 472 782 notantur
495 709 796 803 (ψευδεπίγραφοι).
841 716 1052 799 Hieronymum
1076 718 1170 799 priori
1194 736 1285 781 sensu
1306 718 1463 783 Barnabae

334 823 488 906 epistolam
520 822 720 904 apocrypham
753 821 921 903 appellasse
953 829 1049 904 patet,
1087 842 1176 904 quum
1211 843 1275 886 eam
1307 825 1462 888 Barnabae

334 928 452 1010 quidem
476 927 633 1008 adscribat,
657 933 686 990 et
708 927 896 990 nihilominus
917 929 994 990 inter
1010 929 1198 1012 apocryphas
1214 931 1377 1011 scripturas
1396 949 1463 993 eam

333 1033 437 1096 lectam
462 1051 531 1095 esse
554 1032 722 1096 contendat.

420 1138 601 1201 testimonia
621 1138 712 1220 igitur
732 1137 910 1217 scriptorum
926 1125 1113 1218 antiquorum
1131 1139 1299 1202 authentice
1315 1141 1463 1223 epistolae

333 1242 436 1306 lavere
459 1262 548 1307 nemo
563 1243 702 1326 negabit.
740 1241 935 1304 Nihilominus
959 1262 1019 1306 non
1042 1244 1158 1306 levibus
1181 1245 1251 1308 moti
1275 1249 1463 1332 argumentis

294 1391 296 1394 >
333 1367 398 1412 eam
421 1351 586 1431 apostolico
610 1349 675 1411 viro
699 1347 926 1430 abjudicandam
949 1366 1116 1412 censemus.

424 1453 451 1518 1.
475 1454 505 1520 Si
529 1453 654 1535 epistola
677 1461 779 1515 nostra
803 1455 838 1516 ab
862 1454 990 1536 antiquis
1013 1473 1068 1536 pro
1092 1454 1259 1518 authentica
1282 1454 1390 1520 luisset
1409 1478 1464 1522 re-

332 1560 450 1642 putata,
480 1565 563 1621 certe
586 1559 663 1621 inter
685 1558 777 1621 libros
801 1561 964 1622 canonicos
989 1579 1025 1622 ea
1048 1560 1220 1643 legeretur3
1250 1563 1326 1624 sicut
1349 1561 1464 1648 Augu-

332 1666 427 1727 stinus
444 1663 482 1727 de
497 1659 687 1747 Apocryphis
702 1662 844 1726 Andreae
861 1669 890 1726 et
904 1665 1030 1728 loannis
1047 1665 1133 1729 dicit:
1156 1669 1185 1730 ai
1201 1668 1328 1730 illorum
1344 1679 1462 1748 essent,

332 1778 459 1850 recepta
481 1778 585 1832 essent
606 1768 645 1832 ab
669 1769 803 1831 ecclesio
824 1767 861 1853 ¹).

421 1875 451 1939 2.
483 1874 644 1956 Epistulam
675 1880 807 1936 nostram
833 1882 909 1955 post
937 1876 1127 1939 eversionem
1150 1877 1377 1960 Hierosolymae
1403 1899 1463 1943 cx-

334 1988 444 2044 aratam
472 1998 558 2061 esse,
591 1999 630 2042 ex
653 1999 716 2062 cap.
743 1976 782 2045 16
806 1979 894 2043 iacile
919 1983 1083 2064 conjicitur.
1129 1981 1188 2046 Sed
1219 2000 1310 2065 supra
1337 2004 1365 2065 p.
1391 1986 1463 2048 Vlll.

332 2087 373 2148 lit.
393 2084 422 2168 l)
446 2086 583 2165 vidimus,
606 2086 770 2148 Barnabam
794 2086 860 2148 sine
883 2086 973 2150 dubio
996 2094 1066 2150 tunc
1089 2088 1230 2169 temporis
1253 2108 1314 2152 non
1338 2090 1462 2173 amplius

332 2191 362 2254 in
386 2193 461 2255 vivis
485 2192 615 2274 degisse.

419 2294 448 2360 3.
483 2295 584 2378 Capite
600 2294 619 2361 5
636 2295 774 2378 Apostoli
789 2290 871 2380 ὑπὲρ
887 2284 1167 2382 canoipotamon
1182 2287 1378 2385 oinopao'aepoa
1403 2319 1463 2364 vo-

333 2408 446 2466 cantur.
484 2403 566 2465 l’alia
582 2402 754 2480 Barnabam,
776 2400 991 2483 Apostolorum
1008 2403 1132 2481 socium,
1153 2401 1266 2467 dixisse
1282 2391 1333 2467 vix
1349 2413 1462 2486 putem.

332 2512 391 2573 lsta
414 2516 512 2572 aulem
532 2507 695 2589 hyperbola
713 2506 805 2568 multo
821 2507 914 2588 magis
932 2505 1055 2569 secundi
1072 2507 1166 2569 seculi
1182 2509 1335 2572 rhetorem
1351 2511 1462 2591 prodit.

420 2611 450 2676 4.
482 2614 566 2688 Quae
582 2614 678 2693 capite
697 2608 736 2673 10
752 2609 936 2672 incredibilia
961 2609 998 2672 de
1025 2608 1140 2692 lepore,
1163 2613 1278 2694 byaena
1303 2620 1359 2677 etc.
1383 2634 1461 2696 pro-

332 2721 478 2800 feruntur,
500 2719 595 2803 magis
618 2723 795 2800 nugatorem
818 2715 1075 2799 allegorizantem,
1099 2737 1184 2798 quam
1202 2717 1382 2800 Apostolum
1406 2740 1460 2785 re-

334 2825 445 2889 dolcnt.

420 2927 449 2994 5.
472 2928 632 3006 Barnabm,
648 2925 699 3002 qui
714 2924 884 3006 provincias
896 2924 986 2989 Asiae
997 2928 1361 3012 minoris'peragraverat,
1380 2932 1460 2995 mul-

332 3042 441 3116 tosque
458 3042 552 3097 annos
567 3032 744 3096 Antiochiae
759 3032 789 3093 in
806 3030 890 3115 Syria
906 3034 1033 3113 vixerat,
1052 3033 1130 3096 bene
1147 3040 1330 3115 compertum
1348 3035 1460 3098 babere

334 3141 444 3219 debuit,
468 3141 574 3202 salsum
597 3137 625 3199 id
650 3154 728 3217 esse,
751 3136 831 3217 quod
848 3139 944 3220 capite
960 3137 980 3204 9
997 3139 1167 3217 affirmatur,
1191 3157 1294 3202 omnes
1311 3140 1460 3204 idolorum

334 3247 510 3312 sacerdotes
534 3245 688 3326 Syrosque
711 3260 814 3306 omnes
837 3263 907 3307 esse
931 3246 1132 3307 circumcisos.

422 3347 451 3414 6.
480 3349 656 3413 Innumerae
679 3347 842 3431 allegoriae
866 3350 1062 3434 nugatoriae,
1092 3348 1267 3431 praesertim
1291 3366 1316 3411 c.
1342 3347 1460 3430 5—11,

334 3459 370 3522 ab
393 3458 444 3521 illo
467 3474 527 3527 non
550 3461 676 3537 possunt
700 3472 769 3518 esse
792 3437 999 3538 conscriptae,
1033 3453 1084 3535 qui
1114 3460 1238 3535 propter
1269 3453 1461 3534 eloquentiae

334 3564 473 3629 ardorem
498 3562 533 3623 ab
557 3559 708 3641 Apostolis
731 3570 829 3653 nisibi
854 3573 898 3640 up
923 3569 969 3625 est
991 3560 1165 3644 appellatus.

395 3682 450 3746 ’7.
475 3683 581 3757 Quoad
604 3700 707 3746 sacros
730 3683 912 3748 ludaeorum
936 3686 1010 3748 ritus
1033 3684 1106 3747 lalsa
1126 3681 1271 3763 quaedam
1287 3682 1317 3743 in
1334 3682 1461 3763 epistola

334 3793 436 3852 nostra
459 3806 485 3850 c.
506 3789 524 3851 7
549 3795 579 3851 et
601 3784 621 3850 8
643 3788 792 3870 leguntur,
814 3782 893 3871 ¹quae
915 3791 1056 3854 Lenitom
1078 3788 1251 3866 Barnabam,
1276 3787 1325 3867 qui
1349 3785 1460 3849 diutius

334 3892 551 3976 Hierosolymis
574 3883 700 3972 vixerat,
722 3902 873 3957 auctorem
897 3894 1010 3957 habere
1033 3911 1093 3956 non
1116 3899 1249 3974 possunt.

424 3996 452 4061 8.
483 3984 613 4080 Epistola
643 4005 744 4063 nostra
775 4001 884 4082 injuste
915 3999 952 4062 de
974 3999 1129 4061 ludaismo
1153 3996 1297 4078 disputat,
1328 3997 1461 4060 circum-

339 4102 483 4165 cisionem
505 4102 603 4165 carnis
626 4103 861 4184 superstitiosam
885 4120 955 4166 esse
976 4103 1148 4185 pronuntiat
1170 4097 1215 4184 [c.
1232 4099 1283 4184 9),
1307 4101 1461 4164 sabbatum

336 4206 483 4288 vituperat
506 4202 866 4290 [c.15],legesllosis
889 4226 905 4271 a
929 4207 1051 4271 ludaeis
1074 4225 1134 4270 non
1158 4206 1195 4270 ad
1218 4207 1344 4268 litteram
1368 4208 1461 4270 intel-

372 4324 399 4397 1)
413 4325 498 4380 contr.
512 4315 684 4378 adversarium
695 4322 770 4394 begis
784 4323 883 4378 etPro-
910 4326 1043 4395 pbetarum
1062 4325 1082 4392 l,
1102 4342 1125 4378 c.
1141 4324 1182 4380 20.
1202 4342 1226 4378 u.
1239 4325 1281 4379 39.
1301 4325 1343 4377 ed.
1362 4331 1459 4399 diique,

910 4412 1145 4483 nmpm
