3659 5209
660 532 819 601 susiana
839 492 884 589 ab
903 534 1106 590 procurruu.
1125 534 1177 593 an.
1419 536 1481 603 321

340 692 426 787 ἱῐιιὶῑς
444 714 547 760 verum
563 717 624 762 non
639 699 752 783 lignum
768 699 949 782 cognitionis
964 698 1071 780 perdit,
1091 699 1144 762 sed
1161 701 1360 765 inobedientia
1376 699 1482 785 perdit.

349 798 463 881 Neque
486 804 563 866 enim
586 802 655 866 sun't
678 805 823 883 obscura,
855 823 933 884 quae
963 805 1074 885 scripta
1103 812 1188 884 sunt,
1219 806 1313 868 Deum
1340 809 1376 870 ab
1399 810 1482 873 initio

349 904 470 988 iignum
488 909 566 970 vitae
583 909 611 970 iu
629 909 727 971 medio
744 908 873 990 paradisi
889 908 1049 988 plantasse,
1077 907 1151 990 ¹per
1174 911 1374 992 cognitionem
1395 914 1482 975 vitam

349 1008 581 1091 monstrantem,
605 1012 688 1093 ²qua
712 1031 800 1092 quum
824 1013 944 1084 sincere
967 1014 1013 1075 usi
1033 1031 1093 1076 non
1113 1020 1214 1076 essent
1234 1016 1319 1096 primi
1336 1014 1481 1096 homines,

329 1148 332 1155 ·
348 1111 461 1179 narde
477 1118 624 1199 serpentis
643 1115 744 1179 nudati
762 1116 890 1179 iuerunt.
929 1117 1034 1197 Neque
1051 1119 1128 1179 eninr
1143 1113 1202 1180 urta
1216 1119 1284 1179 ¹sine
1300 1120 1482 1201 cognitione,

329 1224 456 1300 ineque
479 1223 612 1303 cognitio
636 1222 701 1284 sine
725 1241 797 1284 vera
821 1224 880 1286 vita
904 1229 950 1286 est
973 1229 1033 1285 tuta
1056 1230 1086 1286 et
1110 1225 1201 1286 firma.
1246 1223 1316 1287 Ideo
1344 1226 1374 1287 in
1405 1244 1481 1307 pro-

329 1326 468 1409 tptnquo
482 1331 648 1406 utrumque
668 1327 827 1409 plantatum
845 1327 908 1389 suit.
954 1323 1043 1390 ³Vim
1062 1328 1151 1410 hujus
1169 1329 1386 1410 conjunctionis
1406 1349 1482 1411 per·
1508 1366 1510 1371 ·
1598 1346 1603 1365 ·

329 1429 504 1512 tspiciens,
535 1431 737 1512 cognitionem
771 1439 883 1512 autern,
914 1452 992 1514 quae
1021 1434 1087 1496 sine
1117 1435 1244 1496 veritate
1268 1433 1421 1497 doctrinae
1444 1435 1481 1497 ad

329 1534 445 1597 avitam
462 1535 649 1614 transfertur,
672 1537 899 1617 reprebendens
915 1537 985 1600 dicit
1001 1537 1179 1619 Apostolus:
1203 1534 1363 1619 4σοφιὶῑὲο
1379 1538 1480 1616 inflat,

329 1638 485 1705 tds‘tectio
510 1648 611 1703 autem
635 1642 791 1720 aedificet.
836 1642 894 1716 Oui
918 1644 996 1704 enim
1019 1643 1085 1705 sine
1108 1643 1281 1725 cognitione
1313 1661 1402 1723 vera,
1432 1645 1480 1716 cui

329 1745 553 1819 ttestimonium
588 1745 761 1826 perhibetur
794 1765 811 1808 a
840 1749 922 1826 uite,
961 1747 1070 1828 aliquid
1104 1766 1139 1809 se
1173 1749 1252 1810 scire
1285 1754 1384 1829 putat,
1419 1766 1479 1811 non

329 1851 522 1939 q'cognoscit,
547 1847 587 1911 ⁵a
611 1856 751 1932 serpente
775 1850 931 1932 decipitur,
955 1853 1005 1932 qui
1028 1850 1116 1914 vitam
1137 1870 1198 1914 non
1220 1850 1329 1914 dilexit.
1369 1851 1409 1913 Aa
1430 1854 1480 1933 qui

329 1952 420 2035 ¹idum
444 1954 550 2017 timere
574 1955 775 2037 cognitionem
799 1963 846 2017 est
868 1955 1012 2036 adeptus,
1043 1957 1183 2017 civitam
1207 1956 1338 2036 quaerit,
1372 1957 1401 2018 in
1425 1974 1480 2038 spe

329 2042 481 2141 rpiantat,
506 2057 630 2121 fructum
655 2066 842 2141 exspectans.
888 2055 978 2121 ⁶Gor
1000 2066 1081 2121 tuum
1105 2060 1157 2121 tibi
1180 2060 1219 2121 sit
1242 2061 1387 2140 sapientia
1413 2069 1479 2139 tua3

329 2164 414 2231 evita
438 2169 533 2225 autem
558 2165 595 2225 sit
618 2166 742 2227 verbum
766 2183 887 2241 verum,
919 2164 997 2224 intus
1021 2168 1181 2243 receptum.
1225 2163 1318 2244 Hujus
1341 2164 1479 2227 arborem

332 2264 474 2345 inferens,
505 2274 535 2328 et
567 2267 693 2331 fructum
728 2263 940 2350 ⁷adipiscens,
971 2254 1093 2355 semper
1122 2273 1235 2345 metes,
1268 2287 1344 2347 quae
1374 2269 1478 2331 aDeo

329 2370 582 2449 considerantum
617 2392 694 2454 quae
723 2391 850 2454 serpens
881 2392 940 2443 non
972 2372 1104 2454 attingit,
1138 2377 1167 2433 et
1196 2371 1302 2452 quibus
1334 2371 1415 2433 ttaus
1444 2390 1478 2434 se

332 2470 415 2557 piton
440 2477 584 2558 applicat;
608 2472 731 2558 ⁸neque
746 2478 808 2540 Eva
832 2485 901 2541 tunc
922 2479 1130 2558 corrumpitur,
1154 2476 1207 2539 sed
1225 2478 1311 2560 virgo
1327 2476 1459 2539 creditur
1466 2497 1477 2555 ;

329 2584 386 2673 ijs-'et
406 2582 487 2644 satus
510 2590 649 2664 apparet,
682 2590 712 2645 et
734 2581 870 2665 Apostoli
894 2583 1036 2663 sapientia
1068 2582 1277 2664 replebuntur,
1308 2588 1338 2643 et
1360 2582 1478 2644 Domini

329 2685 464 2769 ,tpitscba
481 2685 608 2765 advenit,
626 2693 655 2749 et
670 2682 780 2751 ⁹chori
796 2694 1029 2770 congregantur,
1045 2693 1075 2748 et
1091 2687 1234 2749 decenter
1258 2681 1283 2722 ¹⁰
1293 2687 1478 2767 ordinantur,

329 2768 385 2854 'ct
399 2790 530 2853 Verbum
553 2799 672 2855 sanctos
697 2792 808 2856 docens
830 2794 965 2871 laetetur,
989 2809 1044 2874 per
1067 2790 1147 2872 quod
1169 2791 1257 2854 Pater
1279 2790 1461 2874 glorificatur
1468 2813 1478 2870 3

352 2880 403 2958 cui
425 2895 464 2958 sit
486 2895 580 2978 gioria
604 2897 633 2958 in
656 2897 767 2960 secula.
813 2896 917 2960 Amen.

331 3092 445 3141 imm
457 3088 609 3140 divinarum
623 3096 753 3141 cortuum
762 3091 902 3156 perfusum
929 3087 1002 3138 tionis
1021 3094 1047 3138 et
1064 3087 1132 3137 vine
1152 3088 1177 3138 in
1193 3094 1218 3138 te
1233 3087 1397 3155 plantaveris,
1416 3086 1477 3139 abs·

329 3176 454 3237 dibebant,
467 3173 509 3224 uel
522 3177 559 3227 ss't
570 3177 662 3226 intimo
670 3176 773 3242 pectori
781 3176 900 3244 intuitum.
929 3189 979 3242 que
999 3171 1098 3225 delictis
1115 3175 1278 3241 peccatisque
1297 3175 1419 3226 manebis.

353 3258 383 3329 ’1)
436 3258 483 3310 bis.
504 3258 626 3327 Stephani
645 3259 721 3311 babet
738 3262 795 3327 ρῶν,
816 3258 902 3311 Codex
964 3259 992 3324 9)
1010 3259 1045 3310 lta
1067 3259 1136 3326 Splb.
1161 3268 1187 3312 et
1212 3260 1306 3311 Marcu.
1342 3260 1388 3312 bis.
1412 3260 1478 3326 πηροὶ

329 3336 577 3415 ,ι’-Αῐςὸιιῑοηιοηείε
596 3348 678 3414 rupeis,
703 3347 737 3396 ita
756 3355 856 3411 tamen,
875 3355 903 3397 ut
931 3370 965 3393 =
978 3350 1057 3411 cerei,
1070 3346 1138 3415 quod
1149 3343 1208 3397 ouo
1221 3346 1344 3412 defendit,
1357 3361 1477 3398 monens:

330 3428 452 3501 'dspllaba
472 3448 497 3481 ev
515 3449 528 3484 a
547 3434 658 3485 secunda
677 3449 752 3483 manu
773 3433 805 3484 sit
823 3449 902 3500 prae·
930 3431 1086 3485 Christianos
1103 3434 1262 3499 potissimum
1287 3441 1403 3502 temporo
1427 3448 1477 3501 pa·
1559 3466 1561 3471 s

329 3518 436 3575 sitisse.
463 3517 525 3570 Otto
541 3527 567 3570 et
579 3518 652 3571 Noltc
665 3517 804 3583 conjiciunt
816 3517 902 3586 αἱρῶν;
928 3519 1008 3572 scbaii
1027 3520 1109 3571 cereis
1128 3535 1188 3575 usos
1207 3535 1273 3572 esse.

334 3600 458 3679 p'bobiius
477 3603 594 3673 φᾰνερῶν,
618 3604 757 3673 Sylburgus
775 3603 901 3673 ἐκπληρῶν.
948 3608 992 3668 10)
1012 3606 1048 3657 ltu
1071 3605 1220 3675 Sylburgius
1248 3613 1274 3658 et
1299 3605 1394 3658 Mareu.
1431 3605 1478 3662 tis.

329 3710 335 3746 r
382 3694 415 3761 8)
438 3692 542 3757 Quodsi
562 3690 679 3745 arborem
705 3707 783 3744 verae
810 3695 901 3763 cogni·
928 3690 1085 3767 a‘ppdcsrm

398 4481 473 4522 Patres
485 4480 549 4526 apost.
565 4474 597 4515 sat·
612 4475 647 4515 lv.
