3659 5209
472 516 499 572 S.
518 514 699 573 rottctnrt
716 514 874 571 srtstont
893 516 938 570 ΑΙ)
958 516 1195 574 rutttrtenses.
1214 521 1254 577 vt.
1267 520 1321 578 tlt
1334 522 1400 579 Vlii.
1437 522 1501 595 265

367 694 434 759 pro
464 697 499 741 se
527 679 682 742 rationem
710 676 845 741 reddere
876 687 1008 757 oportet.
1053 681 1102 746 Sin
1134 684 1234 765 itaque
1265 686 1429 749 serviamus
1461 687 1503 752 iili

370 803 443 847 oum
466 785 573 847 timore
597 791 628 846 et
651 783 730 846 omni
750 786 931 864 reverentie,
954 788 1031 849 sicut
1046 790 1198 869 proecepit
1213 790 1287 870 ipse,
1311 798 1340 853 et
1355 791 1502 872 Apostoli,

370 890 426 972 qui
452 888 459 926 ¹
479 889 564 951 nobis
588 890 776 988 evongdiom
799 893 1027 971 annuntiarunt,
1050 899 1080 954 et
1102 894 1284 976 prophetoe,
1312 897 1361 976 qui
1385 896 1503 962 Domini

368 995 471 1057 nostri
501 992 659 1056 adventum
689 994 985 1076 praesignificoront3
1017 995 1170 1077 studiose,
1201 998 1281 1079 qnod
1310 1001 1419 1064 bonnm
1447 1007 1503 1082 est,

328 1118 331 1145 =
368 1105 536 1177 sectantes,
559 1099 743 1164 abstinentes
766 1118 783 1162 a
805 1100 952 1164 scandalis
975 1107 1005 1162 et
1027 1119 1043 1163 a
1069 1100 1150 1164 inisis
1175 1102 1316 1167 iratribus
1344 1111 1374 1167 et
1396 1106 1433 1167 ob
1457 1107 1502 1185 iis,

328 1216 335 1255 ι
369 1204 427 1284 qni
450 1203 479 1265 in
503 1202 653 1285 hypocrisi
676 1222 788 1268 nomen
810 1205 929 1269 Domini
953 1203 1096 1287 ¹ierunt,
1123 1208 1174 1290 qui
1196 1227 1290 1273 venos
1313 1209 1449 1273 homines
1472 1211 1503 1273 in

328 1324 338 1361 t
369 1326 511 1381 errorem
534 1309 685 1372 inducunt.

328 1520 340 1563 ι
369 1476 444 1567 vti
481 1500 589 1584 Frqite
611 1502 767 1580 Dorotoo,
797 1510 828 1565 et
850 1483 1049 1583 pereeoerote
1080 1504 1114 1565 in
1137 1505 1273 1585 jejuniis
1296 1513 1327 1568 et
1349 1505 1501 1571 oratione.

331 1624 339 1687 i
421 1694 425 1699 ,
464 1622 601 1688 ³0mnis
624 1627 714 1702 enirn,
738 1627 792 1707 qni
814 1645 879 1688 non
903 1625 1067 1703 confessos
1087 1626 1195 1705 suerit,
1219 1628 1325 1690 Jernm
1347 1627 1503 1690 Christum

334 1754 340 1793 n
370 1731 409 1793 in
434 1731 685 1807 commeruisse,
709 1731 913 1794 antichristos
936 1740 982 1794 est
989 1752 1000 1805 ;
1023 1739 1054 1794 et
1077 1734 1209 1814 quinon
1233 1733 1391 1796 confessus
1412 1733 1503 1797 suerit

328 1864 338 1901 i
370 1836 546 1918 martyrium
575 1837 688 1914 crucis,
719 1855 757 1898 ex
789 1836 906 1900 dinboio
938 1843 1000 1914 est3
1031 1843 1062 1898 et
1092 1839 1142 1919 qui
1173 1838 1291 1920 eloquio
1317 1839 1434 1901 Domini
1464 1837 1502 1900 od

329 1970 340 2007 ι
372 1939 526 2004 desideria
559 1957 613 2001 sua
645 1939 809 2003 traduxerit
843 1943 1028 2023 dixeritque,
1068 1962 1124 2005 neo
1158 1946 1424 2007 resurrectionem.
1443 1963 1501 2008 neo

329 2070 340 2115 r
369 2045 516 2131 judicium
550 2063 636 2124 esse,
674 2045 721 2109 irio
755 2047 970 2129 primogenitus
1004 2053 1049 2109 est
1082 2048 1216 2110 Satanae.
1271 2048 1342 2110 ldeo
1377 2045 1501 2109 ¹reiin-

335 2178 340 2215 r
374 2156 502 2233 quentes
533 2147 717 2213 ⁵vnnitetem
747 2152 903 2214 multorum
934 2158 963 2213 et
992 2151 1082 2213 iaisas
1112 2150 1279 2231 doctrines,
1310 2151 1346 2214 nd
1379 2147 1503 2213 ¹¹tradi-

329 2286 339 2323 t
373 2263 434 2319 tom
458 2255 543 2317 nobis
566 2256 601 2317 ab
625 2256 706 2318 initio
731 2255 893 2318 doctrinam
916 2263 1117 2336 revertemur,
1150 2251 1343 2337 ¹oi9itontes
1367 2257 1400 2316 in
1425 2276 1501 2319 oro-

329 2396 338 2443 t
375 2361 516 2425 tionibus
539 2365 569 2421 et
590 2367 819 2442 perseverantes
843 2363 872 2423 in
891 2363 1026 2445 jejuniis
1048 2362 1187 2442 precibus
1212 2367 1353 2444 rogantes
1375 2362 1502 2423 omnium

374 2470 603 2547 conspectorem
627 2466 738 2545 Deum,
770 2459 836 2528 8ne
866 2487 926 2530 noo
956 2468 1089 2529 indncot
1115 2467 1149 2527 in
1178 2467 1395 2541 tentationem,
1426 2465 1502 2526 sicut

375 2568 450 2631 dixit
479 2571 638 2633 Dominus:
672 2566 831 2652 ⁹rpir·itns
865 2573 989 2653 quidem
1019 2579 1162 2652 promtus
1195 2579 1258 2652 est,
1293 2589 1369 2634 coro
1402 2579 1503 2633 antero

329 2710 336 2755 ;
375 2674 509 2755 infirmo.
781 2676 784 2683 ’

566 2867 636 2930 11111.
682 2864 884 2932 Perseverate
907 2868 942 2928 in
965 2887 1021 2946 spe
1043 2876 1073 2931 et
1094 2871 1129 2932 in
1147 2868 1314 2948 patientia.

389 3028 396 3035 -
463 2987 671 3052 indesinenter
694 3007 768 3071 ergo
791 3008 1021 3069 perseveremus
1052 2991 1080 3051 in
1111 3010 1166 3072 spe
1194 3000 1297 3055 nostra
1321 2998 1350 3053 et
1373 2991 1502 3071 pignore

371 3094 506 3175 justitiae
530 3102 659 3171 nostroe,
684 3094 763 3174 qood
787 3100 831 3154 est
846 3093 934 3155 Jesus
952 3093 1095 3170 Christus,
1124 3093 1148 3132 ¹¹¹
1162 3098 1216 3176 qni
1236 3103 1368 3175 peccota
1391 3104 1503 3157 nostro

376 3199 410 3257 in
425 3217 563 3276 corpore·
573 3218 630 3261 sno
650 3218 745 3279 snper
764 3199 879 3277 tionum
893 3200 1033 3278 pertulit,
1061 3199 1080 3237 ¹¹
1094 3201 1147 3280 qni
1159 3211 1321 3280 peecatum
1336 3219 1399 3264 non
1413 3197 1501 3278 feeit,

375 3320 433 3364 neo
456 3304 601 3365 indentur
623 3311 670 3365 est
693 3304 786 3366 donn
809 3305 842 3364 in
867 3323 922 3367 ore
944 3307 1013 3384 ejus
1021 3325 1032 3377 ;
1054 3304 1108 3366 sed
1132 3315 1255 3388 propter
1278 3326 1352 3385 nos,
1377 3302 1402 3343 ¹¹
1418 3311 1451 3366 ut
1473 3305 1503 3367 in

374 3406 442 3486 ipso
460 3407 601 3482 vivamus,
622 3405 645 3444 ¹³
657 3410 752 3470 omnio
768 3410 915 3470 snstinnit.
950 3409 1117 3471 lmitatores
1134 3411 1223 3491 igitur
1238 3414 1328 3473 simus
1344 3411 1503 3492 patientioe

374 3513 441 3595 ejus
450 3532 460 3590 3
484 3519 514 3573 et
536 3514 562 3576 si
588 3509 765 3595 ¹¹patiamur
788 3522 910 3598 propter
933 3532 1042 3578 nomen
1065 3515 1146 3596 ejus,
1169 3515 1265 3597 gioria
1289 3517 1368 3578 iilum
1395 3511 1501 3576 ’5411-

410 3756 440 3820 5)
459 3753 510 3806 cn.
535 3769 611 3823 snpra
629 3771 651 3807 e.
671 3754 700 3806 2:
726 3751 796 3822 rern'r
818 3774 925 3822 ματαιο-
971 3756 1015 3821 12)
1034 3755 1085 3808 Cir.
1106 3756 1117 3809 1
1134 3757 1190 3810 ioh.
1210 3758 1235 3821 4,
1255 3758 1280 3809 9.

368 3842 466 3908 toytar.
973 3842 1014 3904 13)
1035 3842 1084 3895 Cir.
1110 3844 1163 3911 ign.
1188 3844 1219 3895 od
1240 3843 1327 3910 Poiyo.
1354 3859 1376 3894 e.
1401 3841 1432 3893 3:
1458 3837 1503 3891 τὲν

409 3928 441 3982 61
462 3925 512 3980 Cir.
532 3926 656 3981 1114803.
951 3927 1014 3979 edroi
1039 3927 1121 3979 πάντα
1142 3927 1231 3996 τρόπον
1256 3928 1288 3979 δι’
1308 3929 1368 3994 ἡμᾶς
1393 3925 1503 3992 ὑπομεί-

409 4016 441 4080 7)
463 4013 471 4064 Ι
492 4012 557 4065 Peir.
576 4017 602 4080 4,
622 4015 646 4067 7.
951 4037 1035 4066 rorte.

408 4100 439 4164 8)
461 4099 776 4167 1141111.6,13.26,41.
972 4104 1020 4160 nt,
1039 4102 1094 4154 Act.
1115 4105 1140 4166 5,
1159 4103 1201 4155 41.
1230 4101 1371 4165 trent,
1393 4099 1433 4150 16.

408 4186 440 4253 9)
460 4186 545 4237 naith.
565 4187 607 4253 26,
625 4190 667 4242 41.
691 4190 767 4242 iloto.
787 4190 830 4255 14,
849 4189 890 4243 38.
939 4173 942 4193 ’
972 4189 1073 4249 toni·
1086 4190 1242 4241 inconsonus
1261 4205 1275 4239 o
1294 4188 1350 4239 rod.
1370 4186 1502 4238 mediceo·

388 4275 439 4335 10)
460 4273 471 4324 1
489 4273 556 4327 Petr.
574 4274 599 4340 2,
619 4274 662 4328 21.
953 4277 1131 4332 Laurentiano.
1167 4275 1238 4343 i'uig.
1257 4271 1396 4340 δοξάζομεν,

386 4363 439 4431 1¹)
459 4359 471 4413 1
489 4359 558 4415 Petr.
575 4362 601 4433 2,
618 4362 662 4420 22.

1500 4572 1606 4660 Ι
