3659 5209
506 530 628 589 tonant
644 530 803 587 EPISTOLA
820 532 868 587 AD
887 531 1053 591 ROMANOS.
1072 537 1125 592 Vll.
1144 537 1209 591 vm.
1356 540 1420 607 207

290 694 401 759 Jesum
425 694 588 776 Christum,
618 696 756 760 mundum
781 699 1035 780 concupiscentes.
1081 699 1193 763 invidia
1222 700 1250 762 in
1273 701 1359 763 vobis
1382 720 1421 763 ne

291 801 418 864 habitat.
462 801 583 882 Neque,
615 802 642 865 si
665 820 725 883 ego
747 820 892 883 praesens
922 822 978 866 vos
1006 822 1141 884 orarem,
1174 805 1303 868 credatis
1334 806 1419 882 mihi3

291 909 342 972 his
365 907 482 991 potius,
513 925 589 988 quae
611 907 698 969 vobis
722 908 838 985 scribo,
869 907 1006 971 credatis.
1053 910 1164 972 Vivens
1188 909 1292 974 ¹enim
1320 913 1419 974 scribo

235 1034 245 1075 ε
291 1014 392 1092 vobis,
417 1013 493 1076 mori
515 1011 698 1074 desiderans.
744 1008 862 1074 ²Amor
886 1031 970 1076 meus
990 1015 1148 1078 crucifixus
1168 1023 1223 1094 est,
1245 1035 1302 1079 nec
1326 1018 1419 1080 estin

235 1116 247 1163 ⁵·
291 1139 343 1183 me
373 1118 452 1202 iguis
482 1117 623 1181 materiae
653 1113 794 1193 ³amans;
826 1118 880 1181 sed
909 1114 1039 1181 ⁴vivens
1068 1127 1098 1181 et
1126 1120 1252 1202 inquens
1283 1139 1359 1202 aqua
1388 1123 1419 1184 in

235 1264 250 1285 ..
291 1242 343 1288 me
372 1230 436 1302 est,
468 1223 537 1285 mihi
559 1222 684 1284 interius
708 1221 828 1284 dicens:
859 1222 928 1286 veni
958 1221 995 1284 ad
1017 1218 1150 1287 Patrem.
1186 1224 1254 1289 Non
1285 1226 1419 1289 detector

235 1354 250 1405 ς
290 1330 432 1395 alimento
457 1328 649 1409 corruptibili,
671 1345 771 1408 neque
795 1328 993 1409 voluptatibus
1015 1328 1103 1412 hujus
1126 1331 1236 1393 mundi.
1282 1327 1418 1394 ⁵Panem

235 1428 253 1517 ι’Ι
291 1435 348 1497 Dei
363 1434 446 1513 volo,
462 1451 569 1515 panem
586 1433 758 1511 coelestem,
775 1451 879 1513 panem
897 1435 985 1512 vitae,
1003 1435 1051 1514 qui
1068 1441 1114 1496 εει
1130 1454 1201 1500 caro
1214 1434 1287 1498 Jesu
1299 1436 1417 1516 Christi,

235 1546 251 1607 ri
290 1540 343 1627 iiiii
366 1539 439 1618 Dei,
470 1540 521 1620 qui
550 1539 711 1621 posteriori
733 1544 869 1619 ternpore
892 1558 932 1601 ex
954 1540 1068 1601 semine
1091 1539 1185 1603 David
1216 1547 1245 1603 ει
1268 1538 1416 1603 Abraham

235 1675 256 1715 ι
290 1643 388 1708 tactus
405 1651 452 1707 est
460 1663 470 1741 ξ
495 1651 524 1706 ει
540 1653 641 1727 potum
657 1639 735 1706 ⁶Dei
750 1644 831 1725 volo,
854 1646 1029 1730 sanguinem
1044 1645 1147 1728 ipsius,
1163 1647 1214 1728 qui
1229 1654 1275 1711 εει
1290 1645 1416 1711 charitas

235 1762 258 1823 :t
290 1750 523 1832 incorruptibilis
547 1758 577 1814 et
598 1752 657 1815 vita
680 1750 830 1833 perennis.

669 2046 739 2109 Vlii.
784 2046 932 2109 Fauentia
955 2048 1039 2111 mitri.

378 2165 482 2236 ⁷Nolo
504 2171 630 2252 amptius
652 2165 840 2233 ⁸secuudum
864 2169 1000 2233 homiues
1024 2171 1136 2233 vivere.
1179 2170 1211 2232 Id
1235 2177 1331 2233 autem
1355 2171 1415 2250 liet,

235 2305 257 2347 n
285 2279 313 2343 si
333 2295 393 2341 vos
415 2276 581 2340 volueritis.
626 2275 729 2338 Velitis
751 2294 878 2357 precor,
909 2281 941 2337 ut
972 2283 1002 2338 ει
1024 2293 1079 2338 νοε
1103 2275 1341 2338 benevolentiam
1364 2277 1414 2340 in-

244 2382 256 2451 i
285 2384 424 2449 veniatis.
462 2382 566 2445 Paucis
582 2383 687 2444 titteris
703 2390 773 2463 pcto
791 2402 806 2444 a
823 2382 925 2445 vobis:
942 2381 1056 2443 credite
1072 2380 1149 2441 mitri.
1177 2379 1267 2443 Jesus
1280 2379 1414 2441 Christus

246 2518 251 2555 r
282 2489 376 2554 vobis
400 2487 474 2551 haec
496 2486 664 2568 patefaciet,
688 2488 769 2569 quod
792 2506 864 2551 vera
887 2487 1010 2568 loquar3
1033 2485 1097 2567 ipse
1118 2503 1152 2548 os
1174 2502 1278 2562 verax,
1301 2485 1331 2545 in
1354 2501 1414 2564 quo

235 2621 244 2661 r
278 2594 374 2667 Pater
397 2611 472 2655 vere
493 2592 611 2656 locutus
635 2598 689 2655 est.
727 2592 820 2655 Petite
843 2610 898 2673 pro
920 2609 976 2670 me,
1000 2598 1033 2654 ut
1055 2607 1236 2671 consequar.
1269 2589 1337 2652 Non
1358 2606 1414 2651 se·

237 2746 241 2761 .
278 2698 417 2765 cundum
441 2714 578 2776 carnem,
611 2697 664 2760 sed
691 2699 858 2760 'secundum
880 2703 1009 2759 mentem
1032 2696 1088 2758 Dei
1114 2696 1200 2759 vobis
1223 2695 1338 2776 scripsi.
1383 2693 1414 2759 si

277 2804 394 2888 patiar,
416 2803 497 2866 bene
517 2801 588 2864 mitri
612 2803 747 2867 voluistis
753 2823 764 2880 ;
788 2804 834 2866 sin
857 2803 986 2884 reJiciar,
1010 2801 1124 2865 odistis.

280 3085 315 3137 ad
341 3083 497 3149 martyrium.
519 3110 549 3119 -
570 3078 620 3131 cta.
640 3085 837 3147 Frommmann,
865 3079 943 3147 Syrus
961 3095 1021 3131 nsua
1040 3087 1080 3131 est
1098 3080 1177 3148 siguis
1192 3076 1412 3146 interpunctionis,

280 3173 394 3225 Dissert.
409 3169 443 3221 de
455 3185 519 3238 aqua
528 3167 651 3236 loquente
662 3168 692 3220 ad
706 3168 836 3238 ignatium.
865 3183 913 3218 nec
930 3182 981 3218 non
1000 3167 1082 3217 omisit
1100 3161 1173 3233 ἄρτον
1191 3161 1315 3230 οὐράνιον,
1339 3160 1415 3231 ἄρτον

282 3256 400 3325 coburg.
431 3253 514 3322 Ὓδωρ
535 3286 561 3296 -
578 3251 630 3304 -τόν
654 3258 746 3321 πατέρα
764 3254 839 3306 deest
865 3255 933 3318 ζωῆς,
961 3263 987 3306 et
1011 3255 1055 3302 τοῦ
1082 3251 1134 3301 υἱοῦ
1153 3283 1184 3292 -
1205 3247 1325 3320 Ἁβραάμ.
1361 3249 1413 3303 Cir.

281 3347 309 3398 in
337 3344 460 3397 versione
485 3341 603 3409 Syriaca,
629 3342 675 3394 sed
701 3342 795 3411 tegitur
813 3342 837 3393 in
866 3344 1000 3409 Utinam,
1020 3339 1037 3391 i.
1057 3356 1080 3392 c.
1098 3357 1124 3408 p.
1144 3340 1186 3393 57.

281 3431 436 3502 fragmentis
466 3429 557 3483 Severi
594 3439 619 3482 et
655 3431 680 3480 in
715 3431 837 3482 versione
899 3429 928 3495 6)
949 3427 1013 3477 Θεοῦ
1030 3436 1088 3494 post
1106 3425 1189 3490 πόμα,
1209 3435 1236 3479 et
1252 3425 1328 3494 panto
1346 3424 1413 3485 ¹intra

281 3519 446 3574 Armeniaca.
489 3516 539 3571 Cir.
569 3522 742 3582 Paterniano,
771 3515 787 3567 l.
814 3532 835 3566 c.
864 3511 1083 3580 καιοῖίνναοςζωὴ
1102 3517 1193 3567 necin
1213 3513 1293 3582 Syro,
1319 3513 1412 3564 necin

281 3624 309 3676 p.
333 3605 393 3657 172.
864 3603 946 3655 veteri
963 3603 1083 3655 versione
1102 3600 1179 3655 latina
1198 3610 1287 3654 exstat.

321 3690 443 3757 sptium
468 3690 550 3743 locum
577 3693 694 3745 Grotius
720 3699 745 3742 et
769 3693 835 3743 Wo-
898 3689 928 3756 7)
948 3686 1028 3756 Caput
1047 3697 1175 3754 octavum,
1194 3689 1263 3759 quod
1278 3689 1345 3756 apud
1360 3687 1411 3756 Sy-

274 3784 386 3845 laterae
413 3779 447 3830 de
473 3776 635 3830 Sacramenta
660 3777 837 3830 Eucharistiae
864 3793 919 3831 rum
937 3793 988 3828 non
1007 3775 1108 3845 iegitur,
1129 3775 1272 3828 defenditur
1291 3774 1323 3827 ab
1343 3779 1411 3831 Utt-

282 3868 430 3936 expiicaut·;
455 3865 488 3923 de
512 3866 589 3933 ipsius
608 3863 657 3916 Dei
675 3865 793 3917 fruitione
811 3865 836 3915 in
863 3867 946 3917 torno
971 3863 987 3914 i.
1006 3880 1028 3914 c.
1054 3880 1078 3931 p.
1098 3861 1132 3912 58
1150 3879 1204 3931 sq.,
1231 3870 1257 3913 et
1281 3869 1361 3912 exstat
1384 3862 1411 3912 iu

283 3954 378 4019 coeio,
405 3970 451 4006 seu
476 3953 509 4005 de
533 3960 637 4003 aeterna
660 3954 765 4004 visionis
788 3951 836 4003 Dei
862 3952 946 4002 veteri
974 3951 1092 4002 versione
1117 3950 1282 4015 Armeniaca,
1312 3952 1409 4002 Peter-

281 4040 454 4105 beatitudine,
475 4042 604 4093 tisserius
623 4047 648 4090 ει
667 4027 835 4094 Honoratus.
862 4056 942 4091 mona
961 4038 978 4089 Ι.
997 4054 1019 4088 c.
1040 4028 1064 4104 p.
1087 4036 1135 4088 175
1155 4052 1210 4104 sqq.

281 4128 338 4182 cfr.
357 4126 416 4179 Joh.
434 4127 460 4192 6,
473 4126 515 4177 32.
529 4126 571 4177 45.
586 4127 627 4178 51.
664 4125 741 4191 Syrus
758 4125 835 4195 legit:
898 4125 928 4194 8)
947 4121 1020 4174 Kato*
1037 4118 1186 4188 οἷνθρώπους,
1205 4119 1258 4171 κατ’
1270 4121 1409 4188 ἄνθρωπον,

279 4212 361 4285 ἄρτον
376 4213 426 4264 eat
442 4214 513 4275 θέλω,
532 4210 556 4268 ὃς
574 4209 638 4261 ἔστιν
650 4209 706 4281 σάρξ
720 4215 835 4280 Χριστοῦ,
862 4211 961 4280 phrasis
979 4210 1133 4278 Apostolictt.
1171 4207 1222 4262 Cfr.
1240 4208 1311 4262 Rom.
1331 4208 1364 4275 3,
1383 4208 1408 4262 5.

279 4305 325 4354 καὶ
353 4297 385 4352 τό
412 4290 474 4365 αἷμα
499 4293 580 4348 aaron.
616 4297 692 4364 Πόμα
719 4300 795 4362 θέλω,
823 4297 837 4348 ὅ
863 4296 950 4350 [Cor.
970 4298 996 4363 9,
1015 4297 1039 4350 8.
1067 4296 1167 4362 Gnl.3,
1187 4297 1228 4348 15.

279 4389 353 4442 ἔσται
379 4384 475 4458 ἆγᾶπη.
491 4381 619 4456 ἄφθαρτος.
666 4387 731 4439 Aliis
760 4387 837 4456 igitur
1176 4400 1178 4404 ·
