3659 5209
341 526 421 594 λεδ
463 534 467 539 ·
611 524 632 577 1.
650 522 833 578 σιτιωυυε
854 521 899 574 ιο
920 519 994 575 σου.
1013 520 1075 581 ιω,
1093 522 1155 577 ων.
1173 522 1228 577 ιν.

356 673 504 771 οὐρανοῦ,
526 679 581 746 καί
601 671 728 769 ποιήσω
752 682 803 770 [σε
823 679 871 758 είς
894 674 1009 767 έθ]νος
1031 677 1113 766 μέγα
1127 677 1189 744 καὶ
1208 678 1407 762 θαυμαστόν
1420 682 1469 768 [καί

355 785 460 873 πολ]ό
488 787 610 869 μᾶλλον
639 785 658 874 ἢ
686 788 813 852 τοῦτο.“
860 778 960 873 [Είπε
988 784 1025 850 δέ
1054 783 1238 871 Μ]ωἱι’σῆς·
1276 786 1469 872 ’,μήθαμός

355 892 461 979 κύριε·
486 883 586 980 [άφες
607 886 680 977 τήν]
704 883 864 980 άμαριίαν
884 892 933 975 τῷ
954 890 1023 976 λαοῦ
1042 887 1155 974 τούτῳ,
1178 885 1306 977 ἢκάμέ
1323 885 1470 979 ἐξάλειψυ

357 994 391 1062 ἐκ
409 994 527 1078 βίβλου
547 992 700 1076 ζώντιον.“
731 993 768 1062 Ὠ
782 989 917 1082 μεγάλης
932 988 1067 1082 άγάπιγς,
1091 989 1342 1083 ιδτελειότητος
1357 991 1470 1087 άνυπερ

355 1092 498 1186 βλήτουί
534 1092 796 1192 Παῤῥιγσιάζεται
814 1095 970 1186 θεράπων
985 1099 1069 1186 πρός
1082 1096 1198 1188 κόρων,
1224 1098 1372 1167 αἰτεῖται
1386 1101 1471 1190 άφεοα

355 1212 402 1290 uf
423 1198 558 1293 πλήθει,
580 1205 600 1295 ίή
620 1204 673 1270 καὶ
695 1204 809 1272 ἑαυτόν
831 1204 1064 1293 ἐξαλειφθῆναι
1086 1202 1155 1286 μετ’
1176 1198 1293 1272 αὐτῶν
1318 1199 1416 1284 άξιοῖ.

355 1402 426 1464 LIV.
469 1401 529 1477 Ουί
550 1401 705 1464 charitate
723 1401 836 1481 plenus
855 1408 912 1477 est,
936 1420 1024 1463 omne
1040 1401 1184 1463 damnum
1197 1400 1300 1480 subit,
1328 1403 1472 1467 δκυωωόι

690 1525 760 1584 μου
782 1506 931 1568 ecclesiae
954 1507 1146 1567 restituatur.

449 1623 507 1701 Τίς
531 1619 587 1690 οὖν
610 1623 643 1690 έν
665 1618 741 1707 όμῖν
762 1631 910 1712 γενναῖος,
934 1623 985 1700 τίς
999 1623 1228 1710 εόσπλαγχνος,
1253 1625 1313 1703 τίς
1329 1626 1472 1714 πεπληρο-

358 1727 539 1818 φορημένος
565 1727 708 1816 άγάπής;
754 1728 935 1796 έΕίπάιω·
966 1727 1015 1808 ,εἰ
1040 1723 1084 1794 δι’
1105 1727 1163 1811 ἐμέ
1190 1729 1315 1807 στάσις
1348 1733 1401 1797 καὶ
1425 1730 1474 1820 έρς

357 1833 412 1898 καὶ
434 1832 602 1915 σχίσματα,
625 1832 761 1921 ἐκχωροῦ,
785 1834 910 1916 ἄπειμι,
935 1824 976 1898 οὗ
997 1831 1052 1899 ἐάν
1071 1833 1250 1920 βούλησθε,
1274 1836 1335 1901 καὶ
1356 1833 1475 1903 ποιῦιά

357 1935 621 2026 προστασσόμενα
643 1931 712 2005 ὑπό
727 1947 788 2005 τοῦ
807 1936 971 2026 πλήθους·
993 1937 1089 2020 μόνον
1103 1936 1141 2003 τό
1157 1939 1320 2022 ποίμνιον
1335 1950 1397 2009 τοῦ
1411 1949 1474 2030 Χρι·

357 2049 438 2108 στοῦ
456 2039 641 2131 εἰρήνευὲτω
655 2043 738 2125 μετά
752 2051 815 2109 τῶν
828 2042 1074 2125 καθεσταμένων
1088 2044 1356 2134 πρεσδιπέρων.“
1392 2055 1476 2113 Τοῦτο

357 2147 378 2214 ό
399 2145 536 2236 ποιήσας
559 2146 662 2234 ἑαυτοῦ
683 2150 765 2236 μέγα
786 2147 878 2224 κλέος
900 2147 933 2214 έν
951 2147 1050 2237 κυρίῳ
1070 2149 1338 2237 περιποιήσεται,
1361 2151 1477 2227 καὶπῦς

356 2251 461 2329 τόπος
482 2252 608 2331 δέξεται
630 2248 737 2320 αὐτόν.
782 2255 899 2334 3,,Τυῦ
920 2253 983 2342 γάρ
1005 2250 1116 2342 κυρίου
1137 2245 1162 2341 ή
1182 2262 1226 2340 γῆ
1256 2256 1318 2321 καὶ
1345 2238 1387 2323 τό
1414 2256 1476 2342 πλή

360 2379 453 2445 ρωμα
475 2352 602 2446 ωίτής.“
645 2367 753 2426 Ταῦτα
775 2359 808 2425 οἱ
829 2351 1074 2440 πολιτευόμενοι
1096 2353 1151 2445 τήν
1165 2350 1417 2451 ἀμεταμέλητον
1430 2384 1477 2427 πο

361 2460 479 2528 λιτείαν
501 2466 561 2529 τοῦ
587 2466 673 2530 Θεοῦ
695 2462 846 2552 ἐποίησαν
867 2465 921 2531 καί
943 2462 1141 2553 ποιήσουσιν.
1172 2513 1175 2518 .

645 2656 702 2719 LV.
748 2657 849 2737 Hujus
871 2659 1038 2721 charitatis
1061 2657 1211 2736 ιειωμλσ.

446 2773 529 2839 4Ἵνα
550 2773 587 2840 δέ
607 2773 662 2839 καί
685 2774 908 2861 ὑποδείγματα
928 2773 1032 2840 ἐθνῶν
1051 2773 1237 2860 ένέγκωμεν·
1260 2778 1388 2844 πολλοὶ
1401 2781 1481 2862 βασι-

359 2878 423 2954 λεῖς
445 2879 499 2943 καί
521 2877 704 2968 ήγοόμενοι,
726 2878 872 2962 λοιμικοῦ
894 2903 980 2956 τινος
1003 2877 1171 2957 ἐνστάντος
1192 2890 1338 2970 καιροῦ,
1355 2905 1480 2972 χρησμο-

271 3000 282 3011 “
358 2980 563 3068 δοτήθέντες,
586 2979 774 3069 παρέδωκαν
796 2979 928 3058 έαυτοῦς
947 2980 995 3059 εἰς
1015 2983 1165 3063 θάνατον,
1187 2982 1241 3049 ἵνα
1256 2986 1424 3077 ῥύσωνται
1438 2985 1482 3054 διά

357 3093 418 3151 τοῦ
440 3083 559 3151 έαυτοῦν
581 3084 716 3168 αἵματος
737 3081 813 3162 τους
835 3088 983 3165 πολίτας.
1021 3089 1147 3157 Πολλοί
1169 3088 1379 3180 ἐξεχώρησαν
1402 3092 1482 3160 ἰδίω

357 3190 490 3269 πόλεων,
512 3190 565 3256 ἵνα
586 3189 630 3277 μή
652 3189 862 3270 στασιάζωσιν
881 3192 939 3259 ἐπὶ
953 3195 1073 3260 πλεῖον.
1110 3189 1338 3278 Ἐπιστάμεθα
1353 3192 1482 3270 πολλοῖς

358 3293 391 3360 έν
418 3293 492 3380 ἡμῖν
521 3294 820 3383 6παραδεδωκότας
847 3293 982 3374 έααιοός
1010 3297 1058 3376 είς
1087 3298 1205 3381 δεσμά,
1239 3298 1339 3379 ὅπως
1362 3301 1481 3392 ἑτέρους

358 3396 611 3488 6λυτροίσονιαι.
656 3401 782 3466 Πολλοὶ
804 3398 939 3479 έαυτούς
961 3403 1150 3490 παρέδωκαν
1171 3401 1220 3478 είς
1243 3405 1419 3486 δουλείαν,
1438 3404 1481 3471 καί

358 3503 512 3584 λαβόντες
534 3503 592 3581 τάς
614 3502 719 3586 τιμάς·
733 3497 846 3583 αὐτῶν,
869 3503 1000 3594 έτέρους
1025 3503 1245 3594 λέψοίμισαν..
1279 3511 1418 3577 Πολλαί
1435 3533 1480 3596 γυ

357 3609 459 3682 ναῖκες
488 3606 761 3692 ἐνδυναμωθεῖσαι
788 3604 846 3675 διά
873 3617 930 3697 τῆς
956 3609 1090 3699 χάριτος
1117 3612 1176 3677 τοῦ
1200 3614 1311 3691 Θεοῦ,
1345 3610 1478 3681 ἐπετελέ-

358 3729 455 3777 σαντο
484 3712 590 3778 πολλά
617 3706 757 3801 άνδρεῒα.
804 3707 954 3779 8Ἰοοδίθ
984 3714 1005 3802 ή
1032 3715 1188 3803 μακαρία,
1222 3715 1257 3782 έν
1289 3717 1479 3805 συγκλεισμῲ

358 3806 456 3901 οόσης
480 3817 539 3899 τῆς
560 3813 700 3893 πόλεως,
723 3811 863 3904 ᾐτήσατο
885 3816 977 3906 παρά
998 3826 1062 3883 τῶν
1083 3818 1331 3908 πρεσβυτέριον,
1356 3822 1477 3910 έαθῆνω

358 3912 456 4008 αότήν
471 3919 615 3998 ἐξελθεῖν
630 3917 677 3996 είς
693 3918 748 4008 τήν
762 3920 967 4011 παρεμβολήν
981 3930 1045 3987 τιῦν
1059 3916 1270 4012 άλλοφόλων·
1294 3928 1477 4016 παραδοῦσα

359 4020 416 4091 οὖν
438 4022 551 4110 ἑαυτήν
573 4032 620 4110 τῷ
640 4021 782 4112 κινδύνῳ,
806 4024 942 4113 ἐξῆλθεν
964 4023 1007 4092 δι’
1028 4020 1152 4115 άγάπρν
1173 4035 1230 4117 τῆς
1252 4029 1419 4120 πατρίδος
1437 4025 1476 4094 καί

395 4181 423 4246 1)
444 4180 526 4233 Exod.
545 4180 586 4246 32,
604 4180 646 4233 32.
933 4191 1045 4236 nostrum
1058 4186 1140 4252 ipsum
1152 4194 1244 4253 sponte
1258 4188 1368 4243 exilium
1381 4190 1475 4245 subiisse

395 4268 423 4332 2)
444 4271 612 4336 Εγίγλστίιιε
625 4268 707 4334 (haer.
717 4269 761 4335 27,
775 4269 826 4336 6.),
841 4268 907 4321 hunc
933 4271 1004 4337 pacis
1021 4273 1108 4338 gratia.

360 4350 446 4402 locum
458 4352 571 4420 laudans,
591 4355 730 4423 contendit,
749 4353 906 4409 clementem
968 4356 998 4426 3)
1016 4355 1057 4411 Ρι.
1076 4357 1120 4423 23,
1143 4357 1167 4410 1.
