3659 5209
624 519 643 573 I.
662 516 844 574 ctuussuuls
863 519 908 573 AD
930 519 1002 575 coa.
1022 523 1099 578 XXII.
1116 524 1203 579 XXIII.
1431 535 1474 600 87

313 796 315 798 v
346 765 443 829 XXII.
489 767 734 832 Adbortutiouee
766 768 825 829 boe
855 767 1048 832 roboremur
1076 772 1139 851 fide
1170 774 1360 853 ebriatiomo,
1394 795 1475 857 quoe

630 873 786 935 miserium
804 883 1003 952 peccatorum
1024 876 1200 954 praedicat.

444 993 550 1055 ¹Haee
571 1000 668 1057 autern
693 997 789 1057 omnia
813 995 968 1057 confirmat
989 996 1080 1075 fides,
1113 1016 1190 1078 quae
1220 1005 1266 1060 est
1294 1000 1323 1061 iu
1346 1000 1472 1066 Christo.

348 1098 421 1178 Ipse
453 1099 530 1160 enim
563 1117 617 1179 per
648 1100 784 1180 Spiritum
816 1105 948 1161 sanctum
980 1101 1017 1162 ita
1049 1120 1104 1163 nos
1136 1104 1311 1183 compellat:
1347 1102 1474 1169 ²uem‘te

346 1204 421 1282 filit,
447 1203 553 1264 audite
575 1222 639 1276 me;
662 1205 800 1265 timorem
815 1204 941 1265 Domini
964 1205 1079 1268 docebo
1102 1218 1167 1268 roe.
1209 1206 1287 1281 Quia
1308 1216 1354 1270 eet
1373 1210 1473 1286 bomo,

349 1309 405 1388 qui
428 1309 494 1369 vult
516 1308 623 1383 eitum,
646 1309 778 1389 diiiqeus
801 1309 867 1369 dies
889 1309 997 1370 uidere
1021 1309 1146 1371 beroe?
1183 1309 1316 1373 Prohibe
1339 1313 1475 1391 linquam

349 1421 437 1474 tuum
459 1430 479 1473 o
500 1413 594 1488 molo,
619 1419 648 1472 et
668 1411 763 1484 bobio,
788 1408 849 1473 ³ue
865 1413 1034 1493 loquantur
1049 1415 1159 1476 dotum.
1194 1415 1329 1478 Decliuu
1345 1436 1366 1477 u
1379 1417 1473 1492 molo,

349 1526 382 1578 et
408 1515 465 1593 fue
494 1516 614 1590 bouum.
669 1515 790 1590 Quaere
817 1536 945 1595 puram,
977 1527 1006 1578 et
1032 1537 1221 1598 persequere
1252 1538 1327 1581 eom.
1382 1519 1475 1582 Oculi

347 1620 480 1682 Domini
502 1639 596 1699 super
612 1622 734 1699 juetoe,
767 1629 796 1682 et
819 1641 911 1684 auree
934 1625 1003 1701 ejus
1026 1623 1058 1682 iu
1080 1642 1191 1702 precer
1214 1643 1340 1697 eorum;
1371 1625 1475 1686 ouitue

349 1732 455 1785 autem
476 1725 601 1787 Domini
623 1743 717 1803 super
738 1724 892 1802 foeieutes
914 1728 1016 1803 motu,
1045 1737 1080 1789 ut
1099 1728 1212 1807 perdat
1235 1730 1273 1789 de
1298 1736 1384 1789 terro
1405 1747 1472 1788 me-

346 1829 482 1890 moriam
505 1848 619 1891 eorum.
659 1826 841 1892 ⁴Clamauit
854 1833 974 1909 justus,
998 1839 1028 1892 et
1042 1832 1193 1893 Domiuue
1212 1833 1378 1895 exaudivit
1394 1851 1472 1909 eum,

347 1939 381 1992 et
409 1951 451 1992 eor
482 1932 622 1995 omuibus
653 1933 908 1995 tribulationibus
942 1936 1010 2012 ejus
1041 1934 1189 1995 liberauit
1217 1954 1291 1996 eum.
1346 1935 1473 1998 ⁵Multo

346 2045 424 2099 suut
444 2035 571 2115 depelle
590 2036 788 2112 peccatoria,
812 2046 988 2114 sperantem
1010 2045 1110 2098 eutem
1132 2039 1166 2098 iu
1189 2038 1324 2104 Domiuo
1347 2042 1471 2104 miseri-

346 2141 467 2203 cordio
490 2137 703 2200 circumdabit.
902 2141 906 2149 '

379 2327 483 2391 XXIII.
528 2327 633 2391 Estote
655 2329 795 2391 bumitee.
844 2329 978 2406 Credite,
1005 2329 1162 2392 Cbrietum
1184 2349 1251 2393 eeae
1273 2342 1444 2396 uenturum.

442 2448 614 2510 MIserieors
648 2449 677 2508 ia
712 2449 847 2511 omnibus
882 2457 911 2512 et
945 2452 1093 2534 benignus
1127 2457 1211 2532 pater
1245 2452 1362 2513 viscera
1400 2472 1474 2534 erga

349 2556 491 2616 timentes
522 2547 588 2615 eum
618 2552 726 2631 habet,
756 2555 928 2636 gratiasque
956 2571 1026 2617 suas
1050 2555 1181 2637 benigne
1204 2561 1233 2617 et
1256 2556 1388 2617 suaviter
1409 2555 1474 2617 Iar·

349 2660 433 2740 gitur
455 2658 506 2735 iis,
531 2657 581 2736 qui
604 2655 640 2718 ad
663 2657 757 2737 Ipsum
781 2657 905 2738 SImpliei
929 2665 1028 2720 mente
1052 2658 1205 2720 accedunt.
1252 2658 1351 2732 Quare
1374 2661 1473 2721 animo

351 2763 462 2842 duplici
486 2779 523 2822 ne
546 2761 647 2838 simus,
674 2778 772 2840 nequa
795 2777 886 2842 super
908 2762 1023 2822 eximiis
1048 2769 1077 2823 et
1100 2762 1272 2824 honorificis
1295 2761 1382 2823 donis
1405 2763 1472 2841 ejus

350 2862 522 2926 ⁶eiieratur
551 2865 646 2927 anIma
675 2869 785 2926 nostra.
831 2864 975 2946 Longae
999 2866 1086 2927 nobis
1110 2866 1361 2945 absitSorIptura
1388 2865 1472 2942 haec,
1511 2897 1522 2907 ,

349 2970 546 3031 ubidicitur:
580 2962 713 3030 ⁷mieeri
737 2974 826 3044 aunt,
858 2970 910 3048 qui
935 2971 1041 3032 auimo
1063 2975 1138 3029 suut
1158 2969 1299 3048 duplices
1321 2976 1351 3029 et
1373 2967 1472 3042 dubr'i,

350 3074 507 3147 dieentes:
538 3071 625 3134 Haeo
647 3073 822 3136 audiuimus
844 3075 937 3134 etium
966 3082 1101 3151 tempore
1127 3082 1253 3153 potrum
1283 3080 1470 3149 uoetrorum,

349 3185 382 3238 et
404 3196 485 3252 eece,
510 3176 740 3251 eomseuuimue,
764 3184 794 3237 et
816 3178 896 3238 nibil
917 3179 1025 3239 borum
1048 3177 1140 3240 uobie
1160 3177 1286 3239 occidit.
1324 3171 1374 3240 ⁸0
1391 3175 1471 3255 fatui,

350 3288 521 3361 comparate
551 3297 607 3342 vos
639 3282 754 3355 orbori;
790 3280 878 3342 vitem
912 3282 1027 3342 sumite.
1079 3282 1204 3343 Primum
1238 3280 1355 3362 quidem
1391 3279 1471 3343 toliis

349 3383 489 3462 nudatur,
512 3402 636 3464 germen
657 3390 762 3464 postea
785 3384 826 3461 fir,
851 3383 951 3446 folium
975 3384 1082 3447 deinde
1107 3391 1135 3446 et
1158 3385 1223 3463 flos,
1247 3386 1391 3466 posthaec
1412 3404 1471 3447 uva

349 3488 476 3565 acerbo,
507 3487 623 3549 tandem
647 3488 762 3550 domurn
785 3507 843 3551 uva
866 3495 988 3551 matura.
1034 3490 1165 3568 Videtis,
1197 3490 1276 3569 quod
1305 3490 1334 3550 iu
1359 3490 1471 3568 exiguo

348 3599 487 3672 ternpore
510 3590 622 3654 fructus
646 3593 761 3654 arboris
784 3592 820 3654 ad
852 3595 1044 3655 maturitatem
1076 3589 1285 3674 ⁹perducitur.
1330 3591 1361 3652 In
1385 3593 1470 3654 veri-

348 3817 455 3870 turum
476 3835 512 3860 =
531 3816 672 3877 φυσιοῦσθαι
690 3824 718 3867 ut
734 3815 815 3869 ICor.
829 3817 855 3881 I,
872 3819 896 3868 6.
920 3812 953 3865 Ὠ
970 3811 1067 3881 α’νόῃοι
1085 3846 1117 3855 -
1136 3813 1225 3880 καρπός
1242 3819 1287 3864 τοῦ
1304 3813 1373 3873 ξύλου
1396 3817 1471 3867 etiam

386 3902 416 3968 7)
435 3899 504 3951 Haec
522 3899 601 3952 verba
620 3917 652 3953 ex
669 3904 814 3970 apocrypha
831 3921 897 3971 qua·
924 3906 951 3954 in
962 3904 1103 3972 fragmento
1118 3902 1161 3954 iIlo
1176 3902 1210 3969 (II
1221 3901 1299 3954 Clem.
1313 3902 1344 3953 ed
1357 3900 1470 3953 Corinth.

348 3988 409 4040 dam
438 3988 559 4053 scriptura
591 3998 670 4039 sumta
699 3990 778 4041 fuisse
810 4000 898 4043 censet
925 4008 947 4041 c.
969 3991 1013 4058 tt)
1033 3991 1165 4041 habentur.

349 4073 502 4126 CoteIeriue.
532 4072 624 4125 Contra
637 4074 771 4126 Wottonus
785 4077 896 4142 conjicit,
960 4076 988 4140 9)
1016 4079 1145 4124 καταντᾶν,
1189 4076 1299 4127 Verbum
1330 4073 1379 4122 hoc
1405 4070 1471 4121 Novi

347 4158 814 4224 locationeerutarum.
832 4164 898 4214 inter
923 4161 1048 4213 Foederie
1080 4163 1252 4228 scriptoribus
1285 4156 1470 4209 usitatissimum

345 4263 379 4299 aa
398 4245 490 4297 coliata
509 4247 533 4296 ia
552 4247 636 4296 animo
654 4246 791 4298 Clematii
810 4247 894 4299 Iuiese.
924 4256 971 4298 est.
1009 4246 1059 4298 Cir.
1081 4247 1195 4309 betto,
1214 4248 1251 4296 15.
1271 4245 1314 4306 25,
1331 4241 1369 4290 ¹3.
1388 4239 1469 4303 tat.

385 4331 417 4400 8)
435 4331 528 4384 Similia
547 4332 663 4399 teguntur
681 4331 767 4384 blatth.
786 4332 834 4400 24,
854 4333 895 4386 32.
923 4333 1004 4385 ICor.
1027 4333 1067 4399 10,
1088 4333 1129 4384 11.
1156 4332 1198 4396 14,
1217 4331 1259 4382 36.
1287 4332 1429 4380 Jacoasoa.

1437 4482 1562 4656 Ι
