3659 5209
342 547 372 601 x
786 540 1043 596 enneaconunn.
1308 523 1481 608 [ποιέουσι

380 707 499 776 strom.
522 707 565 788 11,
590 703 640 771 20.
665 725 692 789 p.
715 701 797 769 2189:
833 689 883 766 Οἶί
904 721 960 782 μοι
982 698 1033 763 δεῖ
1054 696 1208 765 πλειόνων
1230 694 1345 784 λόγων,
1372 722 1480 786 παρα-

435 809 562 895 θεμένῳ
597 808 717 898 μάρτυν
746 804 802 872 τδν
833 801 1048 871 οἷποστολικδν
1078 798 1264 892 Βαρνάβαν,
1298 795 1317 869 ὁ
1350 801 1386 868 δέ
1419 811 1484 866 τῶν

436 911 654 1004 ἑβδομήκοντα
682 906 718 1001 ἦν
749 908 801 978 καλ
833 909 981 999 συνεργδς
1010 911 1070 976 τοῦ
1100 908 1250 990 Παύλου,
1282 906 1364 975 κατά
1394 905 1484 986 λέξιν

437 1011 500 1088 ὧδέ
515 1044 587 1099 πως
601 1019 750 1108 λέγοντα·
773 1016 848 1107 Πρδ
862 1024 923 1084 τοῦ
938 1005 1023 1104 ἡμᾶς
1038 1022 1206 1083 πιστεῦσαι
1222 1022 1270 1102 τῷ
1285 1016 1357 1101 Θεῷ
1372 1039 1397 1078 κ.
1411 1039 1441 1079 τ.
1455 1013 1483 1078 λ

438 1129 484 1191 Ex
508 1129 578 1212 Cap.
607 1125 654 1192 16.

358 1255 360 1258 ’
394 1234 501 1299 Strom.
517 1235 553 1313 V,
573 1231 620 1297 10.
640 1252 667 1316 p.
685 1229 766 1297 683:
789 1224 882 1294 Ἀλλά
899 1225 953 1293 καί
967 1216 1152 1315 Βαρνάβας,
1177 1218 1195 1293 δ
1214 1225 1268 1293 καί
1287 1218 1385 1302 ου’τδς
1405 1246 1482 1312 συγ-

436 1328 571 1423 κηρὺξας
587 1340 633 1420 τῷ
647 1326 840 1419 Ἀποστόλιγ,
863 1330 943 1398 κατά
957 1327 1013 1419 τήν
1029 1330 1190 1398 διακονίαν
1207 1340 1271 1398 τῶν
1288 1330 1401 1410 ἐθνῶν,
1426 1328 1484 1396 τδν

438 1433 548 1526 λόγον·
568 1431 806 1529 Ἀπλούστερον,
822 1437 929 1528 φησίν,
946 1436 1018 1520 ὑμῖν
1032 1429 1148 1526 γράφω
1162 1463 1189 1501 κ.
1203 1461 1230 1502 τ.
1244 1437 1272 1501 λ.
1307 1439 1353 1501 Ex
1369 1439 1440 1520 Cap.
1453 1436 1483 1502 6.

394 1549 501 1613 Strom.
525 1547 559 1626 11,
586 1545 633 1611 15.
658 1569 685 1630 p.
710 1545 789 1611 ant:
820 1536 917 1609 Ἀλλά
937 1541 992 1609 καὶ
1014 1542 1138 1626 Δαβίδ,
1163 1542 1217 1608 καί
1239 1537 1307 1632 πρδ
1330 1539 1441 1623 Δαβίδ
1465 1531 1483 1605 ὁ

439 1651 591 1738 Manena,
614 1657 677 1716 τῶν
698 1651 797 1740 τριῶν
819 1646 985 1736 δογμάτων
1003 1647 1059 1736 τήν
1074 1649 1189 1734 γνῶσιν
1203 1645 1413 1738 ἐμφαίνουσιν
1429 1645 1485 1712 διά

439 1747 627 1822 τούτων
678 1758 783 1824 Ταῦτα
805 1754 863 1838 μέν
886 1753 905 1821 δ
928 1747 1107 1843 Βαρνάβας.
1152 1757 1198 1819 Ex
1222 1757 1290 1839 Cap.
1317 1754 1365 1820 10.

397 1864 503 1929 strom.
527 1865 561 1944 11,
587 1864 635 1929 18.
660 1886 687 1949 p.
709 1864 789 1934 ⁴172:
812 1858 935 1943 Ἀμέλει
956 1857 1159 1944 μυστικῶςδ
1180 1861 1368 1949 Βαρνάβας·
1390 1855 1423 1924 Ὁ
1447 1855 1484 1923 δέ

418 1961 527 2043 ’Θεδς
551 1958 647 2032 ὁτοῦ
668 1961 790 2044 παντὸς
812 1961 934 2050 κόσμου
955 1965 1121 2055 κυριεύων,
1145 1964 1241 2054 φησί,
1264 1956 1331 2052 δάγγ
1353 1990 1379 2028 κ.
1401 1986 1431 2028 τ.
1454 1962 1483 2027 λ.

441 2075 488 2139 Ex
512 2075 581 2159 Cap.
604 2077 654 2140 ult.

397 2180 503 2245 Stronn.
514 2182 549 2260 V,
558 2178 587 2249 8.
600 2201 627 2264 p.
637 2179 717 2246 677:
730 2177 894 2260 Ἔμπαλιν
910 2177 947 2244 δέ
963 2175 1139 2267 ἐπιτρέπει,
1156 2176 1305 2264 διχιγλοϋν
1315 2173 1366 2241 καί
1378 2197 1481 2263 μαρυ-

371 2304 373 2308 ·
441 2278 577 2366 κτίμενον
599 2281 739 2350 ἐσθίειν·
767 2284 903 2371 μηνύων,
927 2279 1023 2370 φησίν
1047 2274 1064 2347 ὁ
1088 2281 1275 2371 Βαρνάβας,
1305 2280 1485 2346 κολλᾶσθαι

443 2389 505 2454 δεῖν
526 2387 609 2470 μετά
623 2391 685 2455 τῶν
701 2386 911 2479 φοβουμένων
927 2382 984 2453 τδν
999 2388 1119 2476 Κύριον
1134 2412 1161 2452 κ.
1177 2413 1205 2452 τ.
1222 2387 1250 2452 λ.
1284 2389 1329 2452 Ex
1346 2389 1416 2469 Cap.
1435 2388 1483 2453 10.

485 2494 523 2579 b)
547 2498 776 2580 Praeceptnrem
800 2517 885 2560 suurn
907 2502 1030 2559 secutus
1054 2504 1099 2559 est
1123 2497 1293 2578 Oripenea:

440 2602 502 2663 Lib.
519 2602 539 2663 1.
560 2609 654 2665 contr.
672 2602 749 2664 Cels,
771 2622 799 2665 n.
815 2599 866 2666 63.
887 2601 919 2663 Τ.
936 2599 956 2662 l.
976 2620 1004 2683 p.
1021 2598 1085 2664 378
1101 2602 1147 2664 ed.
1163 2601 1271 2663 Runa:
1297 2592 1485 2683 Γέγραπται

354 2697 394 2791 δὴ
424 2700 457 2768 ἐν
486 2710 527 2791 τῇ
556 2703 709 2794 Βαρνάβα
740 2703 896 2791 καδολικῇ
926 2700 1099 2790 ἐπιστολῇ·
1132 2700 1183 2768 ὅτι
1212 2699 1373 2782 ἐξελέξατο
1405 2697 1484 2774 τούς

354 2805 458 2884 ἰδίους
480 2802 683 2885 ἀποστόλους
698 2805 823 2897 Ἰησοῦς,
847 2800 942 2884 ὄντας
965 2806 1047 2897 ὑπὲρ
1071 2816 1177 2877 πᾶσαν
1198 2804 1333 2889 άνομίαν
1355 2803 1483 2887 άνομω-

354 2911 477 3002 τέρους.
521 2916 567 2979 Ex
591 2916 660 2998 Cap.
684 2915 713 2978 5.

443 3022 488 3084 De
503 3022 599 3083 Princ.
615 3021 662 3100 ΙΙΙ,
684 3039 709 3082 c.
727 3017 755 3083 2.
778 3040 806 3082 n.
824 3017 852 3084 4.
877 3022 909 3084 Τ.
926 3022 946 3083 l.
969 3040 997 3103 p.
1017 3018 1094 3085 140:
1119 3021 1237 3083 Eadem
1259 3038 1380 3102 quoqne
1396 3017 1485 3079 Βον-

357 3125 459 3188 nabas
482 3127 516 3188 λιι
539 3127 673 3208 epistota
695 3146 755 3188 san
778 3127 939 3205 δυσίατοι,
971 3146 1062 3208 quum
1094 3127 1174 3189 duna
1201 3126 1272 3186 ains
1303 3143 1370 3185 esse
1397 3124 1484 3199 daca,

356 3231 573 3306 nannenten,
606 3231 738 3292 alteram
761 3231 976 3307 tenebrarum,
1009 3231 1121 3312 puibns
1152 3237 1182 3292 et
1203 3249 1354 3310 praeesse
1380 3237 1486 3292 certos

357 3355 496 3417 pnospne
519 3337 648 3416 anpetos
672 3337 766 3399 dicit:
795 3339 867 3399 υίσο
890 3338 1015 3418 quidem
1038 3336 1119 3398 Ιυιίι
1141 3335 1271 3416 οιιριίυε
1294 3335 1373 3410 Dei,
1399 3341 1486 3396 tene·

358 3441 484 3504 bnnrnnn
508 3449 610 3503 antem
632 3441 703 3503 aiae
727 3443 857 3523 σιραίου
879 3443 1030 3504 Satanae.
1074 3441 1120 3503 Ex
1142 3442 1211 3524 Cap.
1239 3438 1286 3504 18.

446 3547 545 3610 Sacris
569 3565 690 3627 quoque
714 3546 874 3630 scripturis
898 3547 1046 3630 Origenes
1078 3546 1231 3627 epistolam
1263 3551 1395 3607 nostram
1429 3542 1487 3604 ad-

359 3668 532 3714 numerasse
555 3651 672 3714 videtur
694 3652 756 3715 Lib.
773 3653 793 3714 l.
819 3651 981 3714 Comment.
1005 3652 1034 3712 in
1051 3650 1104 3732 Ep.
1121 3651 1157 3714 ad
1174 3652 1256 3715 Rom.
1276 3648 1304 3729 1,
1320 3644 1371 3710 24.
1388 3649 1421 3709 Τ.
1439 3647 1486 3708 lV.

359 3773 387 3836 p.
411 3751 491 3817 473:
522 3755 604 3817 Sunt
622 3763 807 3835 praeterea,
834 3755 917 3820 sient
939 3756 973 3816 ιἰι
996 3757 1098 3818 maltis
1120 3755 1305 3833 Scripturae
1327 3755 1410 3829 'loeis
1434 3754 1486 3813 in-

359 3860 516 3938 venimus,
539 3861 632 3933 eta’am
654 3861 819 3941 atrinsqne
839 3860 965 3940 partis,
993 3862 1044 3923 aet
1064 3862 1226 3942 atrinsqne
1248 3859 1320 3920 οίοι
1341 3859 1487 3938 fautores

362 3965 487 4047 qnidam
510 3973 539 4026 et
556 3959 724 4046 'adjutores
747 3966 860 4046 aapett.

449 4069 508 4132 Sed
530 4071 678 4132 neminem
700 4070 780 4146 latet,
804 4087 870 4130 eum
887 4067 1079 4147 Clementem,
1101 4076 1162 4132 tum
1179 4069 1343 4152 Origenem
1365 4068 1487 4150 saepius

344 4202 346 4207 ·
362 4172 455 4236 libros
476 4175 665 4258 apocryphos
683 4180 713 4234 et
728 4171 837 4236 nothos
852 4189 908 4253 pro
926 4173 1064 4254 genuinis
1079 4172 1230 4253 habuisse,
1255 4173 1383 4254 ideoque
1399 4174 1488 4234 testi-

359 4280 463 4342 monio
486 4281 602 4343 illarum
631 4277 860 4359 praepistolae
883 4285 1006 4341 nostrae
1029 4278 1180 4341 authentia
1203 4298 1265 4343 non
1286 4279 1405 4359 plenam
1429 4278 1489 4339 vim

363 4400 432 4446 esse
462 4381 656 4447 tribuendam.
703 4381 784 4446 Bene
813 4382 930 4468 Hugius
960 4390 991 4448 et
1017 4383 1235 4469 Redepenning
1268 4381 1396 4463 addunt,
1431 4400 1489 4446 nee
