3659 5209
348 548 377 607 s.
396 545 604 619 euenturum]
789 544 1045 604 rnouuconnnn.
1424 552 1479 607 xm

346 709 487 797 ligendas
512 709 606 774 fuisse
628 708 779 774 contendit
805 706 849 792 (c.
869 704 939 792 10),
964 717 994 773 et
1017 711 1220 776 oeconomiam
1241 713 1352 776 veteris
1369 714 1479 776 Testa-

348 817 442 880 menti
463 833 524 877 non
541 814 706 898 Evangelio
723 813 850 892 demum,
874 815 928 878 sed
941 817 1003 899 jam
1019 816 1070 880 illo
1087 816 1146 896 die,
1170 834 1230 899 quo
1246 819 1347 882 ttoses
1363 820 1478 882 tabulas

350 923 432 1005 legis
455 919 491 983 de
513 921 646 983 manibus
666 921 803 1004 projecit,
827 920 966 983 abolitam
982 939 1062 1000 esse,
1085 921 1280 1004 Iudaeosque
1296 918 1365 986 tun'c
1381 932 1478 987 testa-

352 1032 481 1090 mentum
511 1025 540 1087 in
570 1030 747 1106 perpetuum
777 1025 947 1105 perdidisse
970 1027 1060 1090 docet
1084 1024 1129 1110 (c.
1153 1024 1174 1091 t
1197 1033 1227 1090 et
1252 1024 1320 1109 14).
1367 1028 1478 1092 Cuncta

351 1133 427 1196 haec
450 1149 511 1193 non
534 1150 550 1193 a
574 1129 708 1193 Barnaba
733 1135 908 1210 exspectes,
934 1131 1000 1212 qui,
1023 1138 1055 1194 ut
1079 1131 1182 1194 fideles
1205 1150 1223 1196 e
1246 1132 1386 1216 gentibus
1409 1140 1438 1195 et
1461 1151 1478 1195 e

348 1236 473 1302 Judaeis
485 1241 691 1317 componeret,
703 1236 890 1298 Antiochiam
903 1241 949 1296 est
961 1237 1067 1298 missus
1075 1257 1085 1313 ς
1102 1237 1156 1300 sed
1169 1238 1333 1315 secundum
1346 1237 1479 1300 seculum

349 1344 418 1409 talia
443 1344 570 1425 sapiunt,
593 1341 778 1423 similemque
801 1348 905 1406 contra
928 1341 1111 1405 Iudaismum
1135 1341 1288 1406 fervorem
1307 1342 1337 1405 iu
1354 1339 1479 1423 epistola

347 1450 386 1516 ad
409 1448 590 1530 Diognetum
613 1448 757 1529 reperies.

436 1554 483 1617 lll.
528 1552 645 1615 Revera
676 1553 778 1635 primis
809 1552 905 1616 seculi
937 1551 1060 1616 secundi
1089 1552 1273 1634 temporibus
1305 1549 1480 1616 tot-120

348 1659 506 1744 epistolam
523 1663 659 1720 'nostram
683 1665 834 1721 exaratam
858 1675 929 1721 esse
951 1664 1059 1739 putem.

441 1761 468 1828 1.
490 1764 561 1826 Post
572 1764 759 1827 eversionem
773 1765 873 1846 templi
885 1763 1145 1845 hierosolymitani
1163 1780 1227 1825 eam
1243 1763 1383 1846 scriptam
1397 1778 1476 1841 esse,

349 1890 389 1934 ex
412 1869 508 1950 capite
533 1865 573 1932 16
596 1869 667 1931 satis
689 1868 790 1950 liquet.
837 1867 886 1932 Sic
909 1870 988 1930 enim
1010 1869 1067 1931 ibi:
1096 1858 1159 1930 Διά
1178 1859 1240 1954 γαρ
1262 1858 1302 1931 τό
1324 1863 1478 1947 πολεμεῖν

347 1971 465 2048 αὐτούς
494 1969 665 2059 καθῃρέθη
696 1968 736 2056 (ὁ
762 1967 856 2055 ναός)
888 1965 954 2033 ὑπὸ
984 1970 1049 2033 τῶν
1079 1956 1220 2058 ἐχθρῶν·
1253 1970 1308 2034 νῦν
1336 1993 1363 2032 κ.
1393 1991 1421 2032 τ.
1449 1968 1478 2032 λ.

349 2083 408 2158 Qui
445 2081 531 2143 aliter
569 2078 769 2157 distinguunt,
808 2081 838 2137 et
873 2069 913 2135 τό
945 2078 998 2135 νῦν
1032 2077 1140 2138 nomini
1176 2071 1303 2161 ἐχθρῶν
1336 2079 1475 2160 J'ungunt,
1504 2080 1515 2105 ‘'

349 2185 449 2250 statim
483 2187 552 2264 post
585 2197 693 2242 annum
727 2178 768 2242 70
800 2197 829 2261 p.
860 2176 911 2240 Ch.
947 2178 1001 2240 bas
1034 2178 1146 2242 litteras
1180 2179 1263 2243 datas
1296 2197 1365 2244 esse
1399 2199 1477 2245 con-

350 2286 477 2351 tendunt
496 2282 535 2370 ¹).
725 2288 729 2294 “
1047 2268 1049 2273 ’
1369 2279 1372 2284 ’

441 2394 470 2458 2.
494 2391 597 2456 Primis
620 2389 714 2454 seculi
737 2390 861 2454 secundi
885 2388 1067 2472 temporibus
1083 2382 1247 2467 Iudaistae,
1271 2387 1427 2453 ecclesiam
1447 2391 1477 2453 in

348 2498 514 2583 periculum
538 2502 699 2575 vocantes,
732 2495 839 2558 eodem
869 2495 999 2558 ferventi
1023 2494 1113 2558 modo
1137 2495 1384 2577 impugnabantur
1407 2515 1423 2558 a
1447 2496 1476 2561 S.

348 2603 465 2690 ignauo
489 2601 679 2666 Antiocheno
703 2607 733 2663 et
755 2602 791 2663 ab
816 2606 940 2664 auctore
963 2600 1109 2681 epistolae
1132 2599 1169 2661 ad
1193 2599 1382 2684 Diognetum.

438 2707 467 2772 3.
498 2708 566 2772 Non
589 2711 658 2769 ante
681 2706 813 2768 seculum
836 2705 1001 2771 secundum
1025 2705 1183 2769 Christiani
1207 2706 1361 2769 sabbatum
1390 2706 1478 2770 celo-

347 2817 438 2880 brare
462 2814 616 2877 desierunt
623 2832 633 2887 3
656 2811 736 2893 quod
757 2814 817 2896 jam
843 2812 994 2890 evenisse,
1018 2811 1143 2893 epistola
1160 2817 1262 2874 nostra
1279 2809 1367 2874 docet
1382 2829 1408 2873 c.
1428 2808 1476 2876 15.

438 2917 468 2983 4.
491 2917 606 2981 Auctor
629 2915 775 2999 epistolae
797 2923 921 2979 nostrae
944 2923 1048 2979 contra
1073 2916 1197 2979 eosdem
1214 2915 1394 2995 haereticos,
1418 2915 1478 2979 Ju-

350 3026 461 3089 daistas
485 3029 515 3086 ct
536 3023 682 3102 Docetas,
706 3022 799 3085 verba
822 3021 908 3101 lacit,
932 3039 1009 3102 quos
1034 3020 1063 3084 S.
1085 3021 1215 3103 Ignatius
1238 3021 1395 3102 vituperat.
1441 3019 1478 3084 Ut

348 3131 415 3210 hic,
434 3130 486 3193 ¹ita
514 3133 544 3190 et
565 3127 678 3190 Noster
700 3128 952 3189 incarnationem
975 3125 1084 3189 Christi
1107 3133 1211 3190 contra
1234 3126 1363 3191 Docetas
1386 3122 1432 3211 (c.
1455 3124 1476 3191 5
1541 3185 1548 3191 .

349 3241 381 3298 et
406 3232 445 3318 li)
469 3232 644 3316 praedicare
667 3236 792 3294 conatus
816 3237 874 3295 est.

441 3335 470 3402 5.
494 3336 739 3420 Theologumene
762 3336 851 3400 multa
871 3336 1017 3419 epistolae
1033 3340 1164 3414 nostrae,
1187 3334 1362 3418 praesertim
1378 3335 1476 3416 quoad

347 3441 551 3528 typologiam,
582 3441 725 3504 simillima
757 3447 826 3504 sunt
855 3440 1009 3505 doctrinae
1038 3439 1067 3504 S.
1096 3439 1205 3503 Justini
1235 3446 1265 3502 et
1294 3438 1476 3520 Tertulliani,

347 3551 368 3612 i.
394 3567 421 3612 c.
445 3547 623 3629 scriptorum
647 3546 742 3609 seculi
763 3546 896 3610 secundi.

439 3650 468 3717 6.
500 3653 532 3715 ln
557 3652 692 3715 omnibus
715 3651 867 3715 codicibus
898 3652 1025 3734 antiquis
1057 3651 1182 3732 epistola
1204 3649 1358 3713 Barnabae
1383 3659 1477 3730 post-

345 3757 459 3838 posito
481 3763 527 3820 est
550 3757 695 3838 epistolae
717 3757 888 3840 Polycarpi,
913 3757 1057 3835 tortasse,
1081 3756 1159 3837 quia·
1169 3757 1288 3838 junior,
1311 3761 1394 3819 certe
1416 3774 1477 3820 non

347 3862 443 3927 multo
466 3862 616 3943 antiquior
641 3863 806 3946 putabatur.

441 3965 469 4029 7.
491 3966 559 4030 Non
583 3968 622 4031 ita
645 3969 735 4032 multo
759 3975 829 4050 post
851 3984 959 4032 annum
985 3964 1046 4032 120
1069 3966 1223 4049 epistolam
1245 3970 1377 4030 nostram
1400 3983 1478 4029 con-

347 4071 492 4154 scriptam
515 4089 594 4152 esse,
1242 4139 1245 4145 ,

394 4172 436 4259 α)
459 4187 499 4240 ex
525 4177 621 4258 capite
646 4173 685 4241 16
715 4183 816 4259 patet,
847 4179 897 4242 ubi
928 4178 966 4241 de
996 4179 1157 4242 eversione
1179 4176 1408 4258 llierosolymae
1438 4172 1478 4235 ita

331 4424 338 4430 ·
387 4401 418 4472 t)
437 4398 589 4456 Gattanut.
608 4417 630 4455 c.
647 4415 673 4470 p.
692 4399 799 4458 XXXIII.
