<?xml version="1.0" encoding="UTF-8"?>
<!DOCTYPE html PUBLIC "-//W3C//DTD XHTML 1.0 Transitional//EN"
    "http://www.w3.org/TR/xhtml1/DTD/xhtml1-transitional.dtd">
<html xmlns="http://www.w3.org/1999/xhtml" xml:lang="en" lang="en">
 <head>
  <title>
</title>
<meta http-equiv="Content-Type" content="text/html;charset=utf-8" />
  <meta name='ocr-system' content='tesseract 3.04.00' />
  <meta name='ocr-capabilities' content='ocr_page ocr_carea ocr_par ocr_line ocrx_word'/>
</head>
<body>
  <div class='ocr_page' id='page_1' title='image "./patrumapostolic00hefegoog_0259.png"; bbox 0 0 3659 5209; ppageno 0'>
   <div class='ocr_carea' id='block_1_1' title="bbox 918 497 2758 612">
    <p class='ocr_par' dir='ltr' id='par_1_1' title="bbox 918 497 2758 612">
     <span class='ocr_line' id='line_1_1' title="bbox 918 497 2758 612; baseline 0.007 -23"><span class='ocrx_word' id='word_1_1' title='bbox 918 497 1164 590; x_wconf 68' lang='lat' dir='ltr'><strong>mnaru</strong></span> <span class='ocrx_word' id='word_1_2' title='bbox 1196 532 1519 590; x_wconf 66' lang='lat' dir='ltr'><strong>ermom</strong></span> <span class='ocrx_word' id='word_1_3' title='bbox 1552 534 1645 588; x_wconf 78' lang='lat' dir='ltr'><strong>Al)</strong></span> <span class='ocrx_word' id='word_1_4' title='bbox 1683 532 2020 591; x_wconf 74' lang='lat' dir='ltr'><strong>Ernnsws.</strong></span> <span class='ocrx_word' id='word_1_5' title='bbox 2058 536 2140 591; x_wconf 74' lang='grc' dir='ltr'><strong>ιν.</strong></span> <span class='ocrx_word' id='word_1_6' title='bbox 2179 538 2239 594; x_wconf 83' lang='lat' dir='ltr'><strong>v.</strong></span> <span class='ocrx_word' id='word_1_7' title='bbox 2275 538 2359 595; x_wconf 66' lang='lat' dir='ltr'><strong>vt</strong></span> <span class='ocrx_word' id='word_1_8' title='bbox 2633 546 2758 612; x_wconf 66' lang='lat'><strong>157</strong></span> 
     </span>
    </p>
   </div>
   <div class='ocr_carea' id='block_1_2' title="bbox 472 695 2766 995">
    <p class='ocr_par' dir='ltr' id='par_1_2' title="bbox 472 695 2766 995">
     <span class='ocr_line' id='line_1_2' title="bbox 520 695 2766 788; baseline 0.003 -27"><span class='ocrx_word' id='word_1_9' title='bbox 520 695 814 761; x_wconf 83' lang='lat' dir='ltr'><strong>Christum</strong></span> <span class='ocrx_word' id='word_1_10' title='bbox 861 697 1013 760; x_wconf 89' lang='lat' dir='ltr'><strong>Patri</strong></span> <span class='ocrx_word' id='word_1_11' title='bbox 1027 718 1046 775; x_wconf 84' lang='lat'>3</span> <span class='ocrx_word' id='word_1_12' title='bbox 1113 715 1233 779; x_wconf 92' lang='lat' dir='ltr'><strong>quo</strong></span> <span class='ocrx_word' id='word_1_13' title='bbox 1283 703 1343 760; x_wconf 88' lang='lat' dir='ltr'><strong>et</strong></span> <span class='ocrx_word' id='word_1_14' title='bbox 1388 713 1498 762; x_wconf 87' lang='lat' dir='ltr'><strong>vos</strong></span> <span class='ocrx_word' id='word_1_15' title='bbox 1544 696 1771 780; x_wconf 82' lang='lat' dir='ltr'><strong>audiat,</strong></span> <span class='ocrx_word' id='word_1_16' title='bbox 1827 705 1887 762; x_wconf 91' lang='lat' dir='ltr'><strong>et</strong></span> <span class='ocrx_word' id='word_1_17' title='bbox 1941 698 2277 786; x_wconf 83' lang='lat' dir='ltr'><strong>&#39;agnoscat</strong></span> <span class='ocrx_word' id='word_1_18' title='bbox 2322 722 2399 767; x_wconf 83' lang='lat' dir='ltr'><strong>ex</strong></span> <span class='ocrx_word' id='word_1_19' title='bbox 2444 704 2550 786; x_wconf 90' lang='lat' dir='ltr'><strong>iis,</strong></span> <span class='ocrx_word' id='word_1_20' title='bbox 2611 723 2766 788; x_wconf 76' lang='lat' dir='ltr'><strong>quae</strong></span> 
     </span>
     <span class='ocr_line' id='line_1_3' title="bbox 472 801 2762 892; baseline 0.002 -25"><span class='ocrx_word' id='word_1_21' title='bbox 472 812 491 849; x_wconf 87' lang='lat'><strong>¹</strong></span> <span class='ocrx_word' id='word_1_22' title='bbox 520 801 671 868; x_wconf 80' lang='lat' dir='ltr'><strong>bene</strong></span> <span class='ocrx_word' id='word_1_23' title='bbox 720 805 1067 886; x_wconf 84' lang='lat' dir='ltr'><strong>operamini,</strong></span> <span class='ocrx_word' id='word_1_24' title='bbox 1115 804 1377 868; x_wconf 88' lang='lat' dir='ltr'><strong>membra</strong></span> <span class='ocrx_word' id='word_1_25' title='bbox 1426 822 1564 867; x_wconf 81' lang='lat' dir='ltr'><strong>esse</strong></span> <span class='ocrx_word' id='word_1_26' title='bbox 1608 821 1720 869; x_wconf 82' lang='lat' dir='ltr'><strong>vos</strong></span> <span class='ocrx_word' id='word_1_27' title='bbox 1759 805 1889 869; x_wconf 85' lang='lat' dir='ltr'>Filii</span> <span class='ocrx_word' id='word_1_28' title='bbox 1934 806 2138 888; x_wconf 90' lang='lat' dir='ltr'><strong>ipsius.</strong></span> <span class='ocrx_word' id='word_1_29' title='bbox 2228 807 2383 871; x_wconf 80' lang='lat' dir='ltr'>Utile</span> <span class='ocrx_word' id='word_1_30' title='bbox 2420 808 2615 892; x_wconf 86' lang='lat' dir='ltr'><strong>itaque</strong></span> <span class='ocrx_word' id='word_1_31' title='bbox 2651 819 2762 888; x_wconf 68' lang='lat' dir='ltr'><strong>est,</strong></span> 
     </span>
     <span class='ocr_line' id='line_1_4' title="bbox 518 907 2760 995; baseline 0.003 -25"><span class='ocrx_word' id='word_1_32' title='bbox 518 907 571 972; x_wconf 89' lang='lat' dir='ltr'><strong>in</strong></span> <span class='ocrx_word' id='word_1_33' title='bbox 618 908 987 973; x_wconf 88' lang='lat' dir='ltr'><strong>immaculata</strong></span> <span class='ocrx_word' id='word_1_34' title='bbox 1036 909 1259 973; x_wconf 89' lang='lat' dir='ltr'><strong>unitate</strong></span> <span class='ocrx_word' id='word_1_35' title='bbox 1306 926 1419 972; x_wconf 84' lang='lat' dir='ltr'><strong>vos</strong></span> <span class='ocrx_word' id='word_1_36' title='bbox 1465 927 1637 990; x_wconf 87' lang='lat' dir='ltr'><strong>esse,</strong></span> <span class='ocrx_word' id='word_1_37' title='bbox 1698 916 1761 974; x_wconf 91' lang='lat' dir='ltr'><strong>ut</strong></span> <span class='ocrx_word' id='word_1_38' title='bbox 1806 917 1867 973; x_wconf 87' lang='lat' dir='ltr'><strong>et</strong></span> <span class='ocrx_word' id='word_1_39' title='bbox 1911 928 2152 994; x_wconf 84' lang='lat' dir='ltr'><strong>semper</strong></span> <span class='ocrx_word' id='word_1_40' title='bbox 2204 913 2567 995; x_wconf 73' lang='lat' dir='ltr'><strong>participetis</strong></span> <span class='ocrx_word' id='word_1_41' title='bbox 2612 915 2760 980; x_wconf 83' lang='lat' dir='ltr'><strong>Deo.</strong></span> 
     </span>
    </p>
   </div>
   <div class='ocr_carea' id='block_1_3' title="bbox 993 1101 2275 1182">
    <p class='ocr_par' dir='ltr' id='par_1_3' title="bbox 993 1101 2275 1182">
     <span class='ocr_line' id='line_1_5' title="bbox 993 1101 2275 1182; baseline 0.005 -20"><span class='ocrx_word' id='word_1_42' title='bbox 993 1102 1062 1163; x_wconf 90' lang='lat' dir='ltr'><strong>V.</strong></span> <span class='ocrx_word' id='word_1_43' title='bbox 1151 1101 1328 1165; x_wconf 84' lang='lat' dir='ltr'><strong>Laus</strong></span> <span class='ocrx_word' id='word_1_44' title='bbox 1373 1109 1435 1164; x_wconf 81' lang='lat' dir='ltr'><strong>et</strong></span> <span class='ocrx_word' id='word_1_45' title='bbox 1475 1103 1718 1166; x_wconf 77' lang='lat' dir='ltr'><strong>utilitas</strong></span> <span class='ocrx_word' id='word_1_46' title='bbox 1760 1103 1950 1182; x_wconf 75' lang='lat' dir='ltr'><strong>hujus</strong></span> <span class='ocrx_word' id='word_1_47' title='bbox 1995 1105 2275 1168; x_wconf 79' lang='lat' dir='ltr'><strong>unitatis.</strong></span> 
     </span>
    </p>
   </div>
   <div class='ocr_carea' id='block_1_4' title="bbox 469 1221 2766 2361">
    <p class='ocr_par' dir='ltr' id='par_1_4' title="bbox 469 1221 2766 2361">
     <span class='ocr_line' id='line_1_6' title="bbox 694 1221 2762 1309; baseline 0.003 -21"><span class='ocrx_word' id='word_1_48' title='bbox 694 1221 723 1261; x_wconf 81' lang='lat'><strong>²</strong></span> <span class='ocrx_word' id='word_1_49' title='bbox 755 1223 814 1288; x_wconf 90' lang='lat' dir='ltr'><strong>Si</strong></span> <span class='ocrx_word' id='word_1_50' title='bbox 862 1225 1016 1288; x_wconf 89' lang='lat' dir='ltr'><strong>enim</strong></span> <span class='ocrx_word' id='word_1_51' title='bbox 1063 1243 1183 1309; x_wconf 86' lang='lat' dir='ltr'><strong>ego</strong></span> <span class='ocrx_word' id='word_1_52' title='bbox 1230 1225 1402 1289; x_wconf 87' lang='lat' dir='ltr'><strong>brevi</strong></span> <span class='ocrx_word' id='word_1_53' title='bbox 1449 1227 1735 1309; x_wconf 91' lang='lat' dir='ltr'><strong>temporis</strong></span> <span class='ocrx_word' id='word_1_54' title='bbox 1794 1226 1986 1308; x_wconf 80' lang='lat' dir='ltr'><strong>spatio</strong></span> <span class='ocrx_word' id='word_1_55' title='bbox 2049 1225 2224 1290; x_wconf 89' lang='lat' dir='ltr'><strong>talem</strong></span> <span class='ocrx_word' id='word_1_56' title='bbox 2277 1229 2762 1295; x_wconf 78' lang='lat' dir='ltr'><strong>consuetudinem</strong></span> 
     </span>
     <span class='ocr_line' id='line_1_7' title="bbox 494 1327 2764 1417; baseline 0.002 -23"><span class='ocrx_word' id='word_1_57' title='bbox 494 1330 789 1394; x_wconf 76' lang='lat' dir='ltr'><strong>contraxi</strong></span> <span class='ocrx_word' id='word_1_58' title='bbox 835 1348 969 1392; x_wconf 92' lang='lat' dir='ltr'><strong>cum</strong></span> <span class='ocrx_word' id='word_1_59' title='bbox 1015 1331 1301 1412; x_wconf 91' lang='lat' dir='ltr'><strong>episcopo</strong></span> <span class='ocrx_word' id='word_1_60' title='bbox 1348 1336 1590 1411; x_wconf 86' lang='lat' dir='ltr'><strong>vestro,</strong></span> <span class='ocrx_word' id='word_1_61' title='bbox 1654 1349 1807 1414; x_wconf 87' lang='lat' dir='ltr'><strong>quae</strong></span> <span class='ocrx_word' id='word_1_62' title='bbox 1854 1348 1974 1393; x_wconf 92' lang='lat' dir='ltr'><strong>non</strong></span> <span class='ocrx_word' id='word_1_63' title='bbox 2024 1327 2051 1368; x_wconf 84' lang='lat'>³</span> <span class='ocrx_word' id='word_1_64' title='bbox 2080 1331 2365 1413; x_wconf 88' lang='lat' dir='ltr'><strong>humana,</strong></span> <span class='ocrx_word' id='word_1_65' title='bbox 2429 1334 2536 1397; x_wconf 88' lang='lat' dir='ltr'><strong>sed</strong></span> <span class='ocrx_word' id='word_1_66' title='bbox 2580 1336 2764 1417; x_wconf 85' lang='lat' dir='ltr'><strong>spiri—</strong></span> 
     </span>
     <span class='ocr_line' id='line_1_8' title="bbox 488 1434 2766 1520; baseline 0.002 -21"><span class='ocrx_word' id='word_1_67' title='bbox 488 1434 685 1499; x_wconf 82' lang='lat' dir='ltr'><strong>tualis</strong></span> <span class='ocrx_word' id='word_1_68' title='bbox 738 1439 863 1512; x_wconf 88' lang='lat' dir='ltr'><strong>est;</strong></span> <span class='ocrx_word' id='word_1_69' title='bbox 925 1441 1146 1516; x_wconf 85' lang='lat' dir='ltr'><strong>quanto</strong></span> <span class='ocrx_word' id='word_1_70' title='bbox 1210 1453 1323 1500; x_wconf 89' lang='lat' dir='ltr'><strong>vos</strong></span> <span class='ocrx_word' id='word_1_71' title='bbox 1384 1437 1684 1500; x_wconf 81' lang='lat' dir='ltr'><strong>beatiores</strong></span> <span class='ocrx_word' id='word_1_72' title='bbox 1721 1436 1969 1520; x_wconf 89' lang='lat' dir='ltr'><strong>judico,</strong></span> <span class='ocrx_word' id='word_1_73' title='bbox 2032 1437 2387 1519; x_wconf 89' lang='lat' dir='ltr'><strong>conjunctos</strong></span> <span class='ocrx_word' id='word_1_74' title='bbox 2434 1436 2462 1476; x_wconf 80' lang='lat'>⁴</span> <span class='ocrx_word' id='word_1_75' title='bbox 2493 1440 2549 1502; x_wconf 90' lang='lat' dir='ltr'><strong>ei</strong></span> <span class='ocrx_word' id='word_1_76' title='bbox 2595 1440 2766 1505; x_wconf 86' lang='lat' dir='ltr'><strong>sicuti</strong></span> 
     </span>
     <span class='ocr_line' id='line_1_9' title="bbox 480 1536 2766 1627; baseline 0.002 -23"><span class='ocrx_word' id='word_1_77' title='bbox 480 1536 519 1579; x_wconf 77' lang='lat'>⁸</span> <span class='ocrx_word' id='word_1_78' title='bbox 551 1540 835 1604; x_wconf 87' lang='lat' dir='ltr'><strong>ecclesia</strong></span> <span class='ocrx_word' id='word_1_79' title='bbox 880 1539 1027 1603; x_wconf 85' lang='lat' dir='ltr'><strong>Jesu</strong></span> <span class='ocrx_word' id='word_1_80' title='bbox 1078 1540 1344 1622; x_wconf 88' lang='lat' dir='ltr'><strong>Christo,</strong></span> <span class='ocrx_word' id='word_1_81' title='bbox 1405 1548 1466 1605; x_wconf 90' lang='lat' dir='ltr'><strong>et</strong></span> <span class='ocrx_word' id='word_1_82' title='bbox 1509 1541 1690 1606; x_wconf 84' lang='lat' dir='ltr'><strong>Jesus</strong></span> <span class='ocrx_word' id='word_1_83' title='bbox 1737 1542 2004 1605; x_wconf 90' lang='lat' dir='ltr'><strong>Christus</strong></span> <span class='ocrx_word' id='word_1_84' title='bbox 2049 1541 2239 1618; x_wconf 90' lang='lat' dir='ltr'><strong>Patri;</strong></span> <span class='ocrx_word' id='word_1_85' title='bbox 2300 1549 2364 1605; x_wconf 88' lang='lat' dir='ltr'><strong>ut</strong></span> <span class='ocrx_word' id='word_1_86' title='bbox 2417 1544 2611 1608; x_wconf 86' lang='lat' dir='ltr'><strong>omnia</strong></span> <span class='ocrx_word' id='word_1_87' title='bbox 2653 1563 2766 1627; x_wconf 81' lang='lat' dir='ltr'><strong>per</strong></span> 
     </span>
     <span class='ocr_line' id='line_1_10' title="bbox 472 1646 2762 1728; baseline -0.001 -18"><span class='ocrx_word' id='word_1_88' title='bbox 472 1647 800 1725; x_wconf 63' lang='lat' dir='ltr'><strong>unitatem</strong></span> <span class='ocrx_word' id='word_1_89' title='bbox 846 1646 1273 1709; x_wconf 82' lang='lat' dir='ltr'><strong>consentiant?</strong></span> <span class='ocrx_word' id='word_1_90' title='bbox 1361 1646 1557 1712; x_wconf 84' lang='lat' dir='ltr'><strong>Nemo</strong></span> <span class='ocrx_word' id='word_1_91' title='bbox 1600 1653 1797 1712; x_wconf 85' lang='lat' dir='ltr'><strong>erret:</strong></span> <span class='ocrx_word' id='word_1_92' title='bbox 1859 1647 1973 1711; x_wconf 90' lang='lat' dir='ltr'><strong>nisi</strong></span> <span class='ocrx_word' id='word_1_93' title='bbox 2036 1647 2169 1728; x_wconf 92' lang='lat' dir='ltr'><strong>quis</strong></span> <span class='ocrx_word' id='word_1_94' title='bbox 2230 1647 2382 1710; x_wconf 89' lang='lat' dir='ltr'><strong>intra</strong></span> <span class='ocrx_word' id='word_1_95' title='bbox 2440 1648 2627 1712; x_wconf 87' lang='lat' dir='ltr'><strong>altare</strong></span> <span class='ocrx_word' id='word_1_96' title='bbox 2669 1649 2762 1728; x_wconf 76' lang='lat' dir='ltr'><strong>sit,</strong></span> 
     </span>
     <span class='ocr_line' id='line_1_11' title="bbox 470 1750 2762 1835; baseline 0 -20"><span class='ocrx_word' id='word_1_97' title='bbox 470 1753 783 1835; x_wconf 83' lang='lat' dir='ltr'><strong>privatur</strong></span> <span class='ocrx_word' id='word_1_98' title='bbox 824 1768 982 1832; x_wconf 89' lang='lat' dir='ltr'><strong>pane</strong></span> <span class='ocrx_word' id='word_1_99' title='bbox 1026 1750 1154 1815; x_wconf 87' lang='lat' dir='ltr'><strong>Dei.</strong></span> <span class='ocrx_word' id='word_1_100' title='bbox 1247 1751 1308 1816; x_wconf 93' lang='lat' dir='ltr'><strong>Si</strong></span> <span class='ocrx_word' id='word_1_101' title='bbox 1356 1752 1511 1815; x_wconf 90' lang='lat' dir='ltr'><strong>enim</strong></span> <span class='ocrx_word' id='word_1_102' title='bbox 1545 1753 1725 1817; x_wconf 90' lang='lat' dir='ltr'><strong>unius</strong></span> <span class='ocrx_word' id='word_1_103' title='bbox 1767 1759 1946 1834; x_wconf 86' lang='lat' dir='ltr'><strong>atque</strong></span> <span class='ocrx_word' id='word_1_104' title='bbox 1982 1751 2227 1815; x_wconf 73' lang='lat' dir='ltr'><strong>alteriiis</strong></span> <span class='ocrx_word' id='word_1_105' title='bbox 2267 1754 2533 1834; x_wconf 84' lang='lat' dir='ltr'><strong>precatio</strong></span> <span class='ocrx_word' id='word_1_106' title='bbox 2573 1758 2762 1816; x_wconf 75' lang='lat' dir='ltr'><strong>tantas</strong></span> 
     </span>
     <span class='ocr_line' id='line_1_12' title="bbox 470 1855 2762 1942; baseline 0 -22"><span class='ocrx_word' id='word_1_107' title='bbox 470 1857 671 1920; x_wconf 85' lang='lat' dir='ltr'><strong>vires</strong></span> <span class='ocrx_word' id='word_1_108' title='bbox 737 1855 913 1919; x_wconf 89' lang='lat' dir='ltr'><strong>habet</strong></span> <span class='ocrx_word' id='word_1_109' title='bbox 926 1876 946 1933; x_wconf 89' lang='lat'>;</span> <span class='ocrx_word' id='word_1_110' title='bbox 1014 1862 1231 1938; x_wconf 89' lang='lat' dir='ltr'><strong>quanto</strong></span> <span class='ocrx_word' id='word_1_111' title='bbox 1296 1858 1483 1942; x_wconf 89' lang='lat' dir='ltr'><strong>magis</strong></span> <span class='ocrx_word' id='word_1_112' title='bbox 1546 1858 1679 1937; x_wconf 88' lang='lat' dir='ltr'><strong>illa,</strong></span> <span class='ocrx_word' id='word_1_113' title='bbox 1748 1877 1906 1940; x_wconf 90' lang='lat' dir='ltr'><strong>quae</strong></span> <span class='ocrx_word' id='word_1_114' title='bbox 1972 1857 2238 1938; x_wconf 88' lang='lat' dir='ltr'><strong>episcopi</strong></span> <span class='ocrx_word' id='word_1_115' title='bbox 2305 1865 2397 1922; x_wconf 87' lang='lat' dir='ltr'><strong>est</strong></span> <span class='ocrx_word' id='word_1_116' title='bbox 2460 1864 2521 1921; x_wconf 86' lang='lat' dir='ltr'><strong>et</strong></span> <span class='ocrx_word' id='word_1_117' title='bbox 2580 1858 2762 1922; x_wconf 72' lang='lat' dir='ltr'><strong>totius</strong></span> 
     </span>
     <span class='ocr_line' id='line_1_13' title="bbox 470 1961 2758 2046; baseline -0.002 -18"><span class='ocrx_word' id='word_1_118' title='bbox 470 1962 865 2030; x_wconf 74' lang='lat' dir='ltr'><strong>ecclesiae?</strong></span> <span class='ocrx_word' id='word_1_119' title='bbox 955 1963 1069 2036; x_wconf 85' lang='lat' dir='ltr'><strong>Qui</strong></span> <span class='ocrx_word' id='word_1_120' title='bbox 1114 1962 1296 2046; x_wconf 89' lang='lat' dir='ltr'><strong>igitur</strong></span> <span class='ocrx_word' id='word_1_121' title='bbox 1339 1963 1400 2026; x_wconf 94' lang='lat' dir='ltr'><strong>in</strong></span> <span class='ocrx_word' id='word_1_122' title='bbox 1432 1971 1792 2027; x_wconf 89' lang='lat' dir='ltr'><strong>conventum</strong></span> <span class='ocrx_word' id='word_1_123' title='bbox 1822 1980 1945 2025; x_wconf 91' lang='lat' dir='ltr'><strong>non</strong></span> <span class='ocrx_word' id='word_1_124' title='bbox 1977 1962 2160 2040; x_wconf 86' lang='lat' dir='ltr'><strong>venit,</strong></span> <span class='ocrx_word' id='word_1_125' title='bbox 2206 1961 2303 2024; x_wconf 88' lang='lat' dir='ltr'><strong>hic</strong></span> <span class='ocrx_word' id='word_1_126' title='bbox 2324 1962 2449 2044; x_wconf 88' lang='lat' dir='ltr'><strong>jam</strong></span> <span class='ocrx_word' id='word_1_127' title='bbox 2479 1963 2758 2046; x_wconf 77' lang='lat' dir='ltr'><strong>superbia</strong></span> 
     </span>
     <span class='ocr_line' id='line_1_14' title="bbox 469 2066 2762 2149; baseline -0.002 -17"><span class='ocrx_word' id='word_1_128' title='bbox 469 2067 708 2132; x_wconf 74' lang='lat' dir='ltr'><strong>elatus</strong></span> <span class='ocrx_word' id='word_1_129' title='bbox 755 2073 879 2146; x_wconf 89' lang='lat' dir='ltr'><strong>est,</strong></span> <span class='ocrx_word' id='word_1_130' title='bbox 939 2073 999 2129; x_wconf 88' lang='lat' dir='ltr'><strong>et</strong></span> <span class='ocrx_word' id='word_1_131' title='bbox 1044 2067 1307 2149; x_wconf 91' lang='lat' dir='ltr'><strong>seipsum</strong></span> <span class='ocrx_word' id='word_1_132' title='bbox 1355 2069 1654 2149; x_wconf 87' lang='lat' dir='ltr'><strong>separavit</strong></span> <span class='ocrx_word' id='word_1_133' title='bbox 1711 2073 1890 2149; x_wconf 89' lang='lat' dir='ltr'><strong>atque</strong></span> <span class='ocrx_word' id='word_1_134' title='bbox 1935 2066 2242 2149; x_wconf 83' lang='lat' dir='ltr'><strong>judicavit.</strong></span> <span class='ocrx_word' id='word_1_135' title='bbox 2332 2066 2621 2149; x_wconf 90' lang='lat' dir='ltr'><strong>Scriptum</strong></span> <span class='ocrx_word' id='word_1_136' title='bbox 2669 2076 2762 2132; x_wconf 78' lang='lat' dir='ltr'><strong>est</strong></span> 
     </span>
     <span class='ocr_line' id='line_1_15' title="bbox 469 2168 2758 2256; baseline -0.001 -18"><span class='ocrx_word' id='word_1_137' title='bbox 469 2173 705 2239; x_wconf 70' lang='lat' dir='ltr'><strong>enim:</strong></span> <span class='ocrx_word' id='word_1_138' title='bbox 753 2168 782 2209; x_wconf 79' lang='lat'>⁶</span> <span class='ocrx_word' id='word_1_139' title='bbox 810 2170 1101 2252; x_wconf 84' lang='lat' dir='ltr'><strong>superbis</strong></span> <span class='ocrx_word' id='word_1_140' title='bbox 1133 2173 1304 2237; x_wconf 75' lang='lat' dir='ltr'><strong>Deus</strong></span> <span class='ocrx_word' id='word_1_141' title='bbox 1347 2174 1604 2236; x_wconf 79' lang='lat' dir='ltr'><strong>resistit.</strong></span> <span class='ocrx_word' id='word_1_142' title='bbox 1696 2172 2048 2239; x_wconf 88' lang='lat' dir='ltr'><strong>Studeamus</strong></span> <span class='ocrx_word' id='word_1_143' title='bbox 2094 2171 2275 2254; x_wconf 80' lang='lat' dir='ltr'><strong>igitur</strong></span> <span class='ocrx_word' id='word_1_144' title='bbox 2314 2172 2599 2256; x_wconf 89' lang='lat' dir='ltr'><strong>episcopo</strong></span> <span class='ocrx_word' id='word_1_145' title='bbox 2638 2190 2758 2238; x_wconf 83' lang='lat' dir='ltr'><strong>non</strong></span> 
     </span>
     <span class='ocr_line' id='line_1_16' title="bbox 470 2273 1718 2361; baseline 0.001 -19"><span class='ocrx_word' id='word_1_146' title='bbox 470 2277 827 2356; x_wconf 79' lang='lat' dir='ltr'><strong>resistere,</strong></span> <span class='ocrx_word' id='word_1_147' title='bbox 875 2282 938 2339; x_wconf 90' lang='lat' dir='ltr'><strong>ut</strong></span> <span class='ocrx_word' id='word_1_148' title='bbox 982 2277 1167 2345; x_wconf 86' lang='lat' dir='ltr'><strong>simus</strong></span> <span class='ocrx_word' id='word_1_149' title='bbox 1214 2277 1467 2361; x_wconf 88' lang='lat' dir='ltr'><strong>subjecti</strong></span> <span class='ocrx_word' id='word_1_150' title='bbox 1518 2273 1543 2314; x_wconf 86' lang='lat'>⁷</span> <span class='ocrx_word' id='word_1_151' title='bbox 1571 2278 1718 2343; x_wconf 90' lang='lat' dir='ltr'><strong>Deo.</strong></span> 
     </span>
    </p>
   </div>
   <div class='ocr_carea' id='block_1_5' title="bbox 476 2571 2766 3726">
    <p class='ocr_par' dir='ltr' id='par_1_5' title="bbox 476 2571 2766 3726">
     <span class='ocr_line' id='line_1_17' title="bbox 476 2571 2766 2657; baseline -0.004 -15"><span class='ocrx_word' id='word_1_152' title='bbox 476 2576 628 2642; x_wconf 78' lang='lat' dir='ltr'>v1.·</span> <span class='ocrx_word' id='word_1_153' title='bbox 700 2575 1083 2655; x_wconf 83' lang='lat' dir='ltr'><strong>Respiciatis</strong></span> <span class='ocrx_word' id='word_1_154' title='bbox 1120 2575 1488 2657; x_wconf 77' lang='lat' dir='ltr'><strong>episcopum·</strong></span> <span class='ocrx_word' id='word_1_155' title='bbox 1511 2582 1582 2637; x_wconf 79' lang='lat' dir='ltr'><strong>ut</strong></span> <span class='ocrx_word' id='word_1_156' title='bbox 1616 2574 1928 2640; x_wconf 76' lang='lat' dir='ltr'><strong>Christum</strong></span> <span class='ocrx_word' id='word_1_157' title='bbox 1967 2575 2187 2656; x_wconf 78' lang='lat' dir='ltr'><strong>ipsum.</strong></span> <span class='ocrx_word' id='word_1_158' title='bbox 2268 2571 2599 2637; x_wconf 75' lang='lat' dir='ltr'><strong>Onesimus</strong></span> <span class='ocrx_word' id='word_1_159' title='bbox 2643 2572 2766 2635; x_wconf 75' lang='lat' dir='ltr'><strong>hae</strong></span> 
     </span>
     <span class='ocr_line' id='line_1_18' title="bbox 1329 2681 1946 2744; baseline 0 -1"><span class='ocrx_word' id='word_1_160' title='bbox 1329 2681 1396 2743; x_wconf 79' lang='lat' dir='ltr'><strong>in</strong></span> <span class='ocrx_word' id='word_1_161' title='bbox 1439 2699 1508 2741; x_wconf 86' lang='lat' dir='ltr'><strong>re</strong></span> <span class='ocrx_word' id='word_1_162' title='bbox 1554 2698 1665 2744; x_wconf 84' lang='lat' dir='ltr'><strong>vos</strong></span> <span class='ocrx_word' id='word_1_163' title='bbox 1709 2681 1946 2744; x_wconf 76' lang='lat' dir='ltr'><strong>laudat.</strong></span> 
     </span>
     <span class='ocr_line' id='line_1_19' title="bbox 686 2796 2754 2885; baseline 0 -21"><span class='ocrx_word' id='word_1_164' title='bbox 686 2796 720 2839; x_wconf 80' lang='lat'>⁸</span> <span class='ocrx_word' id='word_1_165' title='bbox 744 2801 819 2864; x_wconf 90' lang='lat' dir='ltr'><strong>Et</strong></span> <span class='ocrx_word' id='word_1_166' title='bbox 881 2797 910 2839; x_wconf 81' lang='lat'>⁹</span> <span class='ocrx_word' id='word_1_167' title='bbox 939 2800 1217 2883; x_wconf 80' lang='lat' dir='ltr'><strong>quamdiu</strong></span> <span class='ocrx_word' id='word_1_168' title='bbox 1277 2803 1409 2883; x_wconf 88' lang='lat' dir='ltr'><strong>quis</strong></span> <span class='ocrx_word' id='word_1_169' title='bbox 1468 2803 1814 2885; x_wconf 90' lang='lat' dir='ltr'><strong>episcopum</strong></span> <span class='ocrx_word' id='word_1_170' title='bbox 1885 2797 1940 2841; x_wconf 86' lang='lat'><strong>¹⁰</strong></span> <span class='ocrx_word' id='word_1_171' title='bbox 1964 2808 2257 2866; x_wconf 80' lang='lat' dir='ltr'><strong>tacentem</strong></span> <span class='ocrx_word' id='word_1_172' title='bbox 2318 2798 2515 2879; x_wconf 86' lang='lat' dir='ltr'><strong>videt,</strong></span> <span class='ocrx_word' id='word_1_173' title='bbox 2590 2803 2754 2864; x_wconf 74' lang='lat' dir='ltr'><strong>tante</strong></span> 
     </span>
     <span class='ocr_line' id='line_1_20' title="bbox 490 2903 2762 2989; baseline -0.003 -18"><span class='ocrx_word' id='word_1_174' title='bbox 490 2906 707 2989; x_wconf 80' lang='lat' dir='ltr'><strong>magis</strong></span> <span class='ocrx_word' id='word_1_175' title='bbox 754 2923 890 2969; x_wconf 88' lang='lat' dir='ltr'><strong>eum</strong></span> <span class='ocrx_word' id='word_1_176' title='bbox 935 2912 1291 2970; x_wconf 83' lang='lat' dir='ltr'><strong>revereatur</strong></span> <span class='ocrx_word' id='word_1_177' title='bbox 1304 2928 1323 2982; x_wconf 85' lang='lat'><em>3</em></span> <span class='ocrx_word' id='word_1_178' title='bbox 1372 2904 1415 2944; x_wconf 87' lang='lat'><strong>¹¹</strong></span> <span class='ocrx_word' id='word_1_179' title='bbox 1456 2925 1873 2989; x_wconf 88' lang='lat' dir='ltr'><strong>quemcunque</strong></span> <span class='ocrx_word' id='word_1_180' title='bbox 1920 2907 2075 2971; x_wconf 88' lang='lat' dir='ltr'><strong>enim</strong></span> <span class='ocrx_word' id='word_1_181' title='bbox 2118 2903 2544 2988; x_wconf 79' lang='lat' dir='ltr'><strong>paterfamilias</strong></span> <span class='ocrx_word' id='word_1_182' title='bbox 2591 2903 2762 2967; x_wconf 84' lang='lat' dir='ltr'><strong>mittit</strong></span> 
     </span>
     <span class='ocr_line' id='line_1_21' title="bbox 498 3007 2762 3095; baseline -0.002 -20"><span class='ocrx_word' id='word_1_183' title='bbox 498 3011 585 3076; x_wconf 77' lang='lat' dir='ltr'><strong>ad</strong></span> <span class='ocrx_word' id='word_1_184' title='bbox 631 3010 1083 3095; x_wconf 80' lang='lat' dir='ltr'><strong>gubernandam</strong></span> <span class='ocrx_word' id='word_1_185' title='bbox 1131 3010 1406 3074; x_wconf 81' lang='lat' dir='ltr'><strong>familiam</strong></span> <span class='ocrx_word' id='word_1_186' title='bbox 1450 3029 1650 3092; x_wconf 89' lang='lat' dir='ltr'><strong>suam,</strong></span> <span class='ocrx_word' id='word_1_187' title='bbox 1712 3011 1871 3075; x_wconf 89' lang='lat' dir='ltr'><strong>hunc</strong></span> <span class='ocrx_word' id='word_1_188' title='bbox 1917 3013 1994 3074; x_wconf 86' lang='lat' dir='ltr'><strong>ita</strong></span> <span class='ocrx_word' id='word_1_189' title='bbox 2038 3010 2315 3092; x_wconf 89' lang='lat' dir='ltr'><strong>accipere</strong></span> <span class='ocrx_word' id='word_1_190' title='bbox 2368 3007 2652 3072; x_wconf 89' lang='lat' dir='ltr'><strong>debemus</strong></span> <span class='ocrx_word' id='word_1_191' title='bbox 2699 3016 2762 3072; x_wconf 77' lang='lat' dir='ltr'><strong>ut</strong></span> 
     </span>
     <span class='ocr_line' id='line_1_22' title="bbox 498 3110 2758 3200; baseline -0.004 -20"><span class='ocrx_word' id='word_1_192' title='bbox 498 3116 689 3180; x_wconf 72' lang='lat' dir='ltr'><strong>illum</strong></span> <span class='ocrx_word' id='word_1_193' title='bbox 720 3116 932 3200; x_wconf 90' lang='lat' dir='ltr'><strong>ipsum,</strong></span> <span class='ocrx_word' id='word_1_194' title='bbox 980 3116 1080 3199; x_wconf 91' lang='lat' dir='ltr'><strong>qui</strong></span> <span class='ocrx_word' id='word_1_195' title='bbox 1125 3117 1308 3181; x_wconf 90' lang='lat' dir='ltr'><strong>mittit.</strong></span> <span class='ocrx_word' id='word_1_196' title='bbox 1403 3113 1778 3183; x_wconf 78' lang='lat' dir='ltr'><strong>Manifestum</strong></span> <span class='ocrx_word' id='word_1_197' title='bbox 1823 3114 2005 3199; x_wconf 83' lang='lat' dir='ltr'><strong>igitur</strong></span> <span class='ocrx_word' id='word_1_198' title='bbox 2050 3119 2161 3194; x_wconf 89' lang='lat' dir='ltr'><strong>est,</strong></span> <span class='ocrx_word' id='word_1_199' title='bbox 2206 3110 2371 3195; x_wconf 87' lang='lat' dir='ltr'><strong>quod</strong></span> <span class='ocrx_word' id='word_1_200' title='bbox 2416 3112 2758 3196; x_wconf 82' lang='lat' dir='ltr'><strong>episcopum</strong></span> 
     </span>
     <span class='ocr_line' id='line_1_23' title="bbox 509 3202 2758 3308; baseline -0.001 -23"><span class='ocrx_word' id='word_1_201' title='bbox 509 3217 901 3303; x_wconf 75' lang='lat' dir='ltr'><strong>¹²respicere</strong></span> <span class='ocrx_word' id='word_1_202' title='bbox 947 3228 1220 3304; x_wconf 90' lang='lat' dir='ltr'><strong>oporteat</strong></span> <span class='ocrx_word' id='word_1_203' title='bbox 1265 3229 1330 3286; x_wconf 91' lang='lat' dir='ltr'><strong>ut</strong></span> <span class='ocrx_word' id='word_1_204' title='bbox 1375 3222 1567 3308; x_wconf 90' lang='lat' dir='ltr'><strong>ipsum</strong></span> <span class='ocrx_word' id='word_1_205' title='bbox 1599 3218 1933 3284; x_wconf 88' lang='lat' dir='ltr'><strong>Dominum.</strong></span> <span class='ocrx_word' id='word_1_206' title='bbox 2020 3218 2094 3281; x_wconf 90' lang='lat' dir='ltr'><strong>Et</strong></span> <span class='ocrx_word' id='word_1_207' title='bbox 2139 3202 2269 3300; x_wconf 83' lang='lat' dir='ltr'><strong>ipse</strong></span> <span class='ocrx_word' id='word_1_208' title='bbox 2314 3215 2553 3300; x_wconf 90' lang='lat' dir='ltr'><strong>quidem</strong></span> <span class='ocrx_word' id='word_1_209' title='bbox 2584 3217 2758 3282; x_wconf 89' lang='lat' dir='ltr'><strong>One-</strong></span> 
     </span>
     <span class='ocr_line' id='line_1_24' title="bbox 500 3321 2754 3409; baseline -0.001 -19"><span class='ocrx_word' id='word_1_210' title='bbox 500 3325 698 3401; x_wconf 62' lang='lat' dir='ltr'><strong>simus</strong></span> <span class='ocrx_word' id='word_1_211' title='bbox 728 3343 907 3409; x_wconf 90' lang='lat' dir='ltr'><strong>supra</strong></span> <span class='ocrx_word' id='word_1_212' title='bbox 937 3324 1172 3391; x_wconf 90' lang='lat' dir='ltr'><strong>modum</strong></span> <span class='ocrx_word' id='word_1_213' title='bbox 1202 3324 1399 3391; x_wconf 89' lang='lat' dir='ltr'><strong>laudat</strong></span> <span class='ocrx_word' id='word_1_214' title='bbox 1431 3333 1696 3391; x_wconf 77' lang='lat' dir='ltr'><strong>vestrum</strong></span> <span class='ocrx_word' id='word_1_215' title='bbox 1722 3323 2034 3389; x_wconf 89' lang='lat' dir='ltr'><strong>decentem</strong></span> <span class='ocrx_word' id='word_1_216' title='bbox 2059 3322 2444 3407; x_wconf 87' lang='lat' dir='ltr'><strong>divinumque</strong></span> <span class='ocrx_word' id='word_1_217' title='bbox 2467 3321 2754 3404; x_wconf 73' lang='lat' dir='ltr'><strong>ordinem,</strong></span> 
     </span>
     <span class='ocr_line' id='line_1_25' title="bbox 502 3427 2758 3515; baseline -0.002 -19"><span class='ocrx_word' id='word_1_218' title='bbox 502 3431 675 3515; x_wconf 87' lang='lat' dir='ltr'><strong>quod</strong></span> <span class='ocrx_word' id='word_1_219' title='bbox 721 3449 930 3496; x_wconf 88' lang='lat' dir='ltr'><strong>omnes</strong></span> <span class='ocrx_word' id='word_1_220' title='bbox 971 3431 1296 3497; x_wconf 89' lang='lat' dir='ltr'><strong>secundum</strong></span> <span class='ocrx_word' id='word_1_221' title='bbox 1327 3433 1638 3496; x_wconf 83' lang='lat' dir='ltr'><strong>veritatem</strong></span> <span class='ocrx_word' id='word_1_222' title='bbox 1669 3431 1900 3510; x_wconf 88' lang='lat' dir='ltr'><strong>vivatis,</strong></span> <span class='ocrx_word' id='word_1_223' title='bbox 1949 3435 2007 3492; x_wconf 90' lang='lat' dir='ltr'><strong>et</strong></span> <span class='ocrx_word' id='word_1_224' title='bbox 2039 3427 2198 3511; x_wconf 89' lang='lat' dir='ltr'><strong>quod</strong></span> <span class='ocrx_word' id='word_1_225' title='bbox 2229 3429 2386 3492; x_wconf 89' lang='lat' dir='ltr'><strong>inter</strong></span> <span class='ocrx_word' id='word_1_226' title='bbox 2419 3446 2531 3492; x_wconf 88' lang='lat' dir='ltr'><strong>vos</strong></span> <span class='ocrx_word' id='word_1_227' title='bbox 2564 3428 2758 3492; x_wconf 72' lang='lat' dir='ltr'><strong>nullus</strong></span> 
     </span>
     <span class='ocr_line' id='line_1_26' title="bbox 501 3529 2758 3622; baseline -0.003 -21"><span class='ocrx_word' id='word_1_228' title='bbox 501 3537 585 3601; x_wconf 75' lang='lat' dir='ltr'><strong>sit</strong></span> <span class='ocrx_word' id='word_1_229' title='bbox 629 3535 871 3601; x_wconf 83' lang='lat' dir='ltr'><strong>haeresi</strong></span> <span class='ocrx_word' id='word_1_230' title='bbox 914 3537 1119 3615; x_wconf 88' lang='lat' dir='ltr'><strong>locus;</strong></span> <span class='ocrx_word' id='word_1_231' title='bbox 1182 3535 1291 3602; x_wconf 89' lang='lat' dir='ltr'><strong>sed</strong></span> <span class='ocrx_word' id='word_1_232' title='bbox 1338 3540 1538 3622; x_wconf 87' lang='lat' dir='ltr'><strong>neque</strong></span> <span class='ocrx_word' id='word_1_233' title='bbox 1583 3536 1794 3602; x_wconf 88' lang='lat' dir='ltr'><strong>auditis</strong></span> <span class='ocrx_word' id='word_1_234' title='bbox 1842 3536 2100 3618; x_wconf 89' lang='lat' dir='ltr'><strong>aliquem</strong></span> <span class='ocrx_word' id='word_1_235' title='bbox 2155 3535 2436 3618; x_wconf 84' lang='lat' dir='ltr'><strong>amplius,</strong></span> <span class='ocrx_word' id='word_1_236' title='bbox 2504 3529 2554 3572; x_wconf 79' lang='lat'><strong>¹³</strong></span> <span class='ocrx_word' id='word_1_237' title='bbox 2582 3551 2758 3616; x_wconf 86' lang='lat' dir='ltr'><strong>quam</strong></span> 
     </span>
     <span class='ocr_line' id='line_1_27' title="bbox 500 3639 1952 3726; baseline -0.001 -20"><span class='ocrx_word' id='word_1_238' title='bbox 500 3639 720 3707; x_wconf 85' lang='lat' dir='ltr'><strong>Jesum</strong></span> <span class='ocrx_word' id='word_1_239' title='bbox 768 3641 1079 3723; x_wconf 85' lang='lat' dir='ltr'><strong>Christum,</strong></span> <span class='ocrx_word' id='word_1_240' title='bbox 1125 3643 1225 3726; x_wconf 88' lang='lat' dir='ltr'><strong>qui</strong></span> <span class='ocrx_word' id='word_1_241' title='bbox 1268 3642 1531 3726; x_wconf 89' lang='lat' dir='ltr'><strong>loquitur</strong></span> <span class='ocrx_word' id='word_1_242' title='bbox 1575 3644 1636 3708; x_wconf 94' lang='lat' dir='ltr'><strong>in</strong></span> <span class='ocrx_word' id='word_1_243' title='bbox 1682 3642 1952 3707; x_wconf 83' lang='lat' dir='ltr'><strong>veritate.</strong></span> 
     </span>
    </p>
   </div>
   <div class='ocr_carea' id='block_1_6' title="bbox 499 3852 2758 4367">
    <p class='ocr_par' dir='ltr' id='par_1_6' title="bbox 499 3852 2758 4024">
     <span class='ocr_line' id='line_1_28' title="bbox 572 3852 2758 3939; baseline -0.004 -15"><span class='ocrx_word' id='word_1_244' title='bbox 572 3870 635 3938; x_wconf 80' lang='lat'><strong>8)</strong></span> <span class='ocrx_word' id='word_1_245' title='bbox 677 3867 839 3939; x_wconf 82' lang='lat' dir='ltr'><strong>Caput</strong></span> <span class='ocrx_word' id='word_1_246' title='bbox 885 3870 1080 3924; x_wconf 65' lang='lat' dir='ltr'><strong>sextum</strong></span> <span class='ocrx_word' id='word_1_247' title='bbox 1129 3870 1180 3924; x_wconf 87' lang='lat' dir='ltr'><strong>in</strong></span> <span class='ocrx_word' id='word_1_248' title='bbox 1219 3871 1461 3925; x_wconf 80' lang='lat' dir='ltr'><strong>versione</strong></span> <span class='ocrx_word' id='word_1_249' title='bbox 1499 3869 1603 3937; x_wconf 74' lang='lat' dir='ltr'><strong>Sy·</strong></span> <span class='ocrx_word' id='word_1_250' title='bbox 1659 3867 1758 3934; x_wconf 82' lang='lat'><strong>24,</strong></span> <span class='ocrx_word' id='word_1_251' title='bbox 1795 3867 1865 3920; x_wconf 82' lang='lat'><strong>43</strong></span> <span class='ocrx_word' id='word_1_252' title='bbox 1921 3875 1974 3921; x_wconf 79' lang='lat' dir='ltr'><strong>et</strong></span> <span class='ocrx_word' id='word_1_253' title='bbox 2024 3863 2207 3917; x_wconf 85' lang='lat' dir='ltr'><strong>Lucam</strong></span> <span class='ocrx_word' id='word_1_254' title='bbox 2250 3852 2467 3931; x_wconf 82' lang='lat'><strong>12‚‘42.</strong></span> <span class='ocrx_word' id='word_1_255' title='bbox 2539 3861 2758 3935; x_wconf 69' lang='lat' dir='ltr'><strong>Ignatiun</strong></span> 
     </span>
     <span class='ocr_line' id='line_1_29' title="bbox 499 3949 2754 4024; baseline -0.004 -13"><span class='ocrx_word' id='word_1_256' title='bbox 499 3959 645 4013; x_wconf 70' lang='lat' dir='ltr'><strong>ritca</strong></span> <span class='ocrx_word' id='word_1_257' title='bbox 680 3949 785 4010; x_wconf 80' lang='lat' dir='ltr'><strong>non</strong></span> <span class='ocrx_word' id='word_1_258' title='bbox 823 3965 1005 4011; x_wconf 71' lang='lat' dir='ltr'><strong>exstet.</strong></span> <span class='ocrx_word' id='word_1_259' title='bbox 1657 3961 1834 4024; x_wconf 79' lang='lat' dir='ltr'><strong>noster</strong></span> <span class='ocrx_word' id='word_1_260' title='bbox 1897 3954 1970 4007; x_wconf 81' lang='lat' dir='ltr'><strong>ad</strong></span> <span class='ocrx_word' id='word_1_261' title='bbox 2030 3950 2175 4004; x_wconf 71' lang='lat' dir='ltr'><strong>solos</strong></span> <span class='ocrx_word' id='word_1_262' title='bbox 2233 3950 2523 4021; x_wconf 74' lang='lat' dir='ltr'><strong>Episcopus</strong></span> <span class='ocrx_word' id='word_1_263' title='bbox 2583 3949 2754 4003; x_wconf 71' lang='lat' dir='ltr'><strong>refert.</strong></span> 
     </span>
    </p>

    <p class='ocr_par' dir='ltr' id='par_1_7' title="bbox 574 4026 2099 4116">
     <span class='ocr_line' id='line_1_30' title="bbox 574 4026 2099 4116; baseline -0.004 -20"><span class='ocrx_word' id='word_1_264' title='bbox 574 4044 638 4116; x_wconf 78' lang='lat' dir='ltr'><strong>a)</strong></span> <span class='ocrx_word' id='word_1_265' title='bbox 677 4043 751 4097; x_wconf 75' lang='grc' dir='ltr'><strong>ιιι</strong></span> <span class='ocrx_word' id='word_1_266' title='bbox 787 4043 877 4100; x_wconf 74' lang='lat' dir='ltr'><strong>us.</strong></span> <span class='ocrx_word' id='word_1_267' title='bbox 945 4043 1083 4097; x_wconf 75' lang='lat' dir='ltr'><strong>Ediu</strong></span> <span class='ocrx_word' id='word_1_268' title='bbox 1117 4039 1226 4111; x_wconf 72' lang='grc' dir='ltr'><strong><em>ὅσῳ.</em></strong></span> <span class='ocrx_word' id='word_1_269' title='bbox 1658 4046 1854 4108; x_wconf 66' lang='lat' dir='ltr'><strong>notho,</strong></span> <span class='ocrx_word' id='word_1_270' title='bbox 1889 4057 1942 4110; x_wconf 81' lang='lat' dir='ltr'><strong>p.</strong></span> <span class='ocrx_word' id='word_1_271' title='bbox 1980 4026 2099 4092; x_wconf 59' lang='lat'><strong>455.</strong></span> 
     </span>
    </p>

    <p class='ocr_par' dir='ltr' id='par_1_8' title="bbox 500 4126 2758 4367">
     <span class='ocr_line' id='line_1_31' title="bbox 542 4126 2259 4200; baseline -0.006 -17"><span class='ocrx_word' id='word_1_272' title='bbox 542 4130 712 4198; x_wconf 85' lang='lat' dir='ltr'><strong>1o)·1.</strong></span> <span class='ocrx_word' id='word_1_273' title='bbox 750 4143 807 4186; x_wconf 81' lang='lat' dir='ltr'><strong>e:</strong></span> <span class='ocrx_word' id='word_1_274' title='bbox 834 4147 934 4185; x_wconf 91' lang='lat' dir='ltr'><strong>non</strong></span> <span class='ocrx_word' id='word_1_275' title='bbox 967 4131 1259 4200; x_wconf 77' lang='lat' dir='ltr'><strong>punientem</strong></span> <span class='ocrx_word' id='word_1_276' title='bbox 1295 4129 1604 4182; x_wconf 78' lang='lat' dir='ltr'><strong>auctoritatis</strong></span> <span class='ocrx_word' id='word_1_277' title='bbox 1696 4129 1788 4198; x_wconf 82' lang='lat'><strong>12)</strong></span> <span class='ocrx_word' id='word_1_278' title='bbox 1824 4127 1916 4181; x_wconf 71' lang='lat' dir='ltr'><strong>Hs.</strong></span> <span class='ocrx_word' id='word_1_279' title='bbox 1933 4126 2259 4195; x_wconf 50' lang='grc' dir='ltr'><strong>προβάτων.</strong></span> 
     </span>
     <span class='ocr_line' id='line_1_32' title="bbox 500 4206 2758 4293; baseline -0.004 -19"><span class='ocrx_word' id='word_1_280' title='bbox 500 4234 631 4293; x_wconf 72' lang='lat' dir='ltr'><strong>me</strong></span> <span class='ocrx_word' id='word_1_281' title='bbox 682 4227 1076 4288; x_wconf 72' lang='lat' dir='ltr'><strong>contemptores.</strong></span> <span class='ocrx_word' id='word_1_282' title='bbox 1149 4215 1254 4270; x_wconf 78' lang='lat' dir='ltr'><strong>crr.</strong></span> <span class='ocrx_word' id='word_1_283' title='bbox 1289 4217 1418 4270; x_wconf 75' lang='lat' dir='ltr'><strong>infra</strong></span> <span class='ocrx_word' id='word_1_284' title='bbox 1455 4230 1501 4268; x_wconf 87' lang='lat' dir='ltr'><strong>c.</strong></span> <span class='ocrx_word' id='word_1_285' title='bbox 1541 4214 1603 4268; x_wconf 88' lang='lat'><strong>15</strong></span> <span class='ocrx_word' id='word_1_286' title='bbox 1694 4216 1782 4281; x_wconf 87' lang='grc'><strong>13)</strong></span> <span class='ocrx_word' id='word_1_287' title='bbox 1822 4215 1913 4269; x_wconf 74' lang='lat' dir='ltr'><strong>Me.</strong></span> <span class='ocrx_word' id='word_1_288' title='bbox 1948 4215 2082 4281; x_wconf 75' lang='grc' dir='ltr'><strong><em>εἴπερ</em></strong></span> <span class='ocrx_word' id='word_1_289' title='bbox 2120 4235 2189 4261; x_wconf 84' lang='grc'><strong>-.-.</strong></span> <span class='ocrx_word' id='word_1_290' title='bbox 2229 4214 2321 4266; x_wconf 69' lang='lat' dir='ltr'><strong>ein</strong></span> <span class='ocrx_word' id='word_1_291' title='bbox 2356 4213 2546 4277; x_wconf 60' lang='lat' dir='ltr'><strong>alitem·</strong></span> <span class='ocrx_word' id='word_1_292' title='bbox 2596 4206 2758 4259; x_wconf 67' lang='lat' dir='ltr'><strong>libr·-</strong></span> 
     </span>
     <span class='ocr_line' id='line_1_33' title="bbox 503 4294 2758 4367; baseline -0.007 -8"><span class='ocrx_word' id='word_1_293' title='bbox 503 4306 561 4360; x_wconf 65' lang='grc' dir='ltr'><strong>δι</strong></span> <span class='ocrx_word' id='word_1_294' title='bbox 595 4304 673 4358; x_wconf 68' lang='grc' dir='ltr'><strong>οὐ</strong></span> <span class='ocrx_word' id='word_1_295' title='bbox 697 4304 891 4359; x_wconf 82' lang='lat' dir='ltr'><strong>Philad.</strong></span> <span class='ocrx_word' id='word_1_296' title='bbox 929 4320 976 4356; x_wconf 89' lang='lat' dir='ltr'><strong>c.</strong></span> <span class='ocrx_word' id='word_1_297' title='bbox 1016 4303 1063 4357; x_wconf 87' lang='lat'><strong>1.</strong></span> <span class='ocrx_word' id='word_1_298' title='bbox 1274 4294 1281 4301; x_wconf 82' lang='grc'><strong>’</strong></span> <span class='ocrx_word' id='word_1_299' title='bbox 1510 4316 1515 4321; x_wconf 95' lang='grc'><strong><em>·</em></strong></span> <span class='ocrx_word' id='word_1_300' title='bbox 1654 4305 1756 4357; x_wconf 70' lang='lat' dir='ltr'><strong>rins</strong></span> <span class='ocrx_word' id='word_1_301' title='bbox 1806 4302 1942 4355; x_wconf 84' lang='lat' dir='ltr'><strong>enim</strong></span> <span class='ocrx_word' id='word_1_302' title='bbox 1988 4308 2163 4355; x_wconf 71' lang='lat' dir='ltr'><strong>noster</strong></span> <span class='ocrx_word' id='word_1_303' title='bbox 2197 4318 2227 4363; x_wconf 83' lang='grc' dir='ltr'><em>η</em></span> <span class='ocrx_word' id='word_1_304' title='bbox 2274 4305 2328 4350; x_wconf 79' lang='lat' dir='ltr'><strong>et</strong></span> <span class='ocrx_word' id='word_1_305' title='bbox 2375 4315 2417 4348; x_wconf 80' lang='grc' dir='ltr'><strong>ει</strong></span> <span class='ocrx_word' id='word_1_306' title='bbox 2463 4299 2758 4367; x_wconf 71' lang='lat' dir='ltr'><strong>permutare</strong></span> 
     </span>
    </p>
   </div>
   <div class='ocr_carea' id='block_1_7' title="bbox 516 4387 1821 4462">
    <p class='ocr_par' dir='ltr' id='par_1_9' title="bbox 516 4387 1821 4462">
     <span class='ocr_line' id='line_1_34' title="bbox 516 4387 1821 4462; baseline -0.005 -16"><span class='ocrx_word' id='word_1_307' title='bbox 516 4390 637 4462; x_wconf 79' lang='grc'><strong>,11)</strong></span> <span class='ocrx_word' id='word_1_308' title='bbox 671 4389 1082 4451; x_wconf 64' lang='lat' dir='ltr'><strong>Verbanomini</strong></span> <span class='ocrx_word' id='word_1_309' title='bbox 1125 4389 1263 4460; x_wconf 74' lang='lat' dir='ltr'><strong>apud</strong></span> <span class='ocrx_word' id='word_1_310' title='bbox 1297 4387 1605 4445; x_wconf 66' lang='lat' dir='ltr'><strong>nanuum</strong></span> <span class='ocrx_word' id='word_1_311' title='bbox 1655 4389 1821 4446; x_wconf 69' lang='lat' dir='ltr'><strong>niet..</strong></span> 
     </span>
    </p>
   </div>
  </div>
 </body>
</html>
