3659 5209
413 532 538 590 tenum
552 530 712 591 semrom
731 530 777 588 Ab
795 530 991 589 nuenbstos.
1009 532 1051 588 XI.
1068 532 1121 590 xlc
1138 533 1202 593 xm.
1219 536 1283 593 xtv.
1345 541 1408 608 183

350 783 401 848 XI.
445 782 517 853 Nou
540 781 711 862 corriperis,
735 780 794 842 sed
814 800 871 844 ooo
889 781 1112 868 praemuniens
1133 783 1209 848 baec
1229 787 1343 852 scribo.

334 926 337 931 ·
373 905 456 968 llaec
486 908 584 967 autem
606 903 723 982 scribo,
755 901 855 966 dilecti
878 904 954 984 mei,
993 901 1077 967 ¹non
1100 906 1181 986 quod
1205 910 1409 992 cognoverim,

280 1010 405 1093 aliquos
437 1015 570 1072 vestrum
603 1007 661 1071 boc
680 1008 789 1071 animo
819 1007 946 1071 allectos
976 1026 1063 1088 esse,
1093 1011 1164 1090 sed,
1195 1013 1292 1074 minor
1313 1015 1410 1095 vobis,

281 1121 409 1181 cautum
428 1113 513 1176 vobis
529 1112 627 1193 cupio,
649 1130 688 1175 ne
711 1113 847 1176 incidatis
869 1115 900 1177 in
922 1114 1026 1177 bamos
1049 1115 1144 1178 inanis
1169 1115 1410 1198 doctrinae,.sed

280 1226 318 1285 ut
349 1219 438 1302 plene
468 1217 543 1279 certi
571 1212 734 1279 reddamini
766 1217 804 1280 de
833 1219 985 1281 nativitate
1014 1225 1044 1281 et
1072 1219 1214 1300 passione
1246 1228 1275 1284 et
1302 1241 1410 1286 resur-

280 1325 434 1402 rectione,
457 1339 534 1402 quae
558 1319 683 1402 contigit
705 1325 840 1403 tempore
857 1322 1066 1404 praefecturae
1081 1322 1175 1386 Pontii
1191 1324 1287 1401 Pilati;
1310 1322 1410 1407 lquae

280 1448 363 1495 vere
385 1436 416 1491 et
437 1425 637 1513 indubitanter
657 1430 744 1509 gesta
772 1432 842 1489 sunt
864 1446 881 1489 a
902 1426 977 1490 Jcsu
1001 1425 1136 1509 Christo,
1164 1446 1219 1510 spe
1246 1436 1365 1510 nostra,
1393 1449 1410 1493 a

281 1552 347 1617 qua
370 1531 467 1597 averti
489 1529 601 1593 nemini
622 1536 754 1592 uestrum
777 1529 900 1594 accidat.

539 1720 601 1784 XII.
652 1719 710 1784 Vos
733 1721 814 1784 enim
834 1721 978 1784 meliores
1000 1742 1047 1785 me
1070 1723 1155 1786 estis.

377 1841 495 1909 8Ειιιιιι
516 1844 602 1908 vobis
624 1844 653 1907 in
677 1844 823 1922 omnibus,
846 1843 993 1925 siquidem
1015 1843 1123 1928 dignus
1138 1863 1212 1909 sum.
1253 1845 1316 1910 Etsi
1332 1848 1411 1913 enim

280 1953 396 2036 ligatus
413 1969 478 2014 sum
492 1966 549 2032 pro
561 1948 689 2027 Christo,
705 1946 919 2029 comparandus
936 1953 1033 2010 tamen
1049 1965 1109 2011 non
1125 1967 1189 2012 sum
1204 1952 1254 2013 uni
1268 1959 1410 2032 vestrum,

284 2059 339 2140 qui
354 2055 436 2138 ligati
452 2072 511 2117 non
528 2053 607 2115 estis.
653 2052 741 2130 Novi,
763 2051 842 2131 quod
860 2051 915 2113 bac
930 2052 1018 2113 laude
1033 2071 1094 2115 non
1110 2056 1286 2135 superbitis3
1305 2055 1409 2120 Jesum

284 2162 367 2226 enim
384 2159 530 2222 Christum
547 2158 661 2220 habetis
677 2157 707 2218 in
723 2148 818 2218 vobis.
856 2154 892 2216 Et
907 2154 1012 2239 magis,
1036 2175 1125 2238 quum
1140 2158 1228 2220 laudo
1245 2177 1311 2238 vos,
1335 2162 1409 2240 scio,

285 2264 371 2348 quod
394 2262 578 2341 erubescitis,
602 2262 678 2323 sicut
701 2259 842 2341 scriptum
865 2265 926 2322 est:
951 2255 1078 2338 ⁴justus
1099 2261 1151 2324 rui
1171 2272 1217 2325 cst
1236 2274 1409 2328 accusator.

502 2451 577 2516 xtlt.
625 2449 855 2533 Confirnremini
877 2452 911 2513 in
932 2454 995 2534 fide
1018 2459 1047 2515 ei
1068 2453 1193 2515 unione.

366 2575 503 2643 ,Sludete
518 2575 608 2659 igitur
623 2573 790 2637 confirmari
804 2574 834 2636 in
851 2573 993 2639 doctrinis
1008 2574 1126 2636 Domini
1142 2581 1172 2637 et
1186 2574 1423 2656 Apostolorum·
1440 2626 1444 2634 .

285 2689 321 2748 ul
350 2682 464 2760 omnia,
496 2699 573 2761 quae
603 2676 745 2758 ⁵iacitis,
779 2697 925 2761 prospere
948 2679 1033 2742 vobis
1055 2678 1234 2756 succedant,
1266 2698 1356 2742 carne
1381 2687 1411 2743 et

287 2789 412 2871 spiritu,
443 2784 502 2848 lide
521 2790 565 2862 ,et
598 2783 756 2864 charitate,
788 2780 846 2847 ⁶in
877 2785 951 2847 Filio
983 2789 1013 2845 et
1041 2784 1126 2846 Patre
1157 2789 1187 2845 et
1218 2784 1345 2865 Spiritu,
1379 2785 1410 2846 in

286 2892 435 2978 principio
458 2890 539 2953 etin
562 2888 637 2969 line,
668 2907 734 2951 cum
758 2888 931 2971 dignissimo
955 2890 1098 2969 episcopo
1121 2894 1239 2966 vestro,
1267 2893 1296 2948 et
1319 2886 1410 2969 digne

288 3000 430 3061 contexta
452 2994 596 3076 spirituali
617 3011 729 3056 corona
758 2994 937 3077 presbyterii
967 2993 1077 3072 vestri,
1110 2999 1140 3055 ct
1171 3011 1237 3055 cum
1267 2991 1410 3073 diaconis,

287 3103 356 3167 Deo
390 3090 583 3183 placentibus.
638 3099 769 3180 Subp'ecii
790 3104 903 3161 estote
942 3097 1085 3178 episcopo
1117 3103 1147 3159 et
1180 3097 1264 3160 vobis
1300 3103 1411 3176 mutuo,
1473 3082 1481 3097 ⁸

288 3214 323 3271 ut
358 3205 449 3269 tesus
487 3202 620 3265 Christus
659 3197 781 3281 ⁷Patri,
827 3199 990 3264 secundum
1029 3218 1165 3280 carnem,
1209 3207 1239 3262 et
1275 3199 1413 3281 Apostoli

289 3312 409 3376 cbristo
447 3315 478 3371 et
516 3307 593 3371 Patri
631 3313 661 3370 ct
698 3308 837 3390 Spiritui3
875 3312 906 3369 ut
943 3305 1014 3367 unio
1051 3307 1089 3368 sit
1126 3311 1156 3368 ei
1188 3299 1344 3369 ⁸camalis
1382 3313 1413 3368 et

289 3415 460 3500 spiritualis.

322 3624 325 3629 ·
448 3604 523 3669 xiv.
572 3605 668 3670 Orate
688 3623 748 3687 pro
771 3621 817 3666 mc
844 3609 874 3665 et
894 3618 955 3682 pro
978 3600 1113 3663 ecclesia
1135 3598 1255 3682 Syriae.

338 3768 343 3777 ·
379 3730 475 3805 Quum
498 3728 599 3807 sciam,
622 3722 702 3789 ⁹vos
724 3727 791 3789 Deo
818 3725 926 3807 plenos
949 3741 1029 3800 esse,
1052 3722 1194 3786 brevibus
1218 3738 1273 3783 vos
1298 3721 1415 3784 cobor-

289 3849 641 3917 vctnstiasimeeentiquitatis
653 3847 838 3915 signnmputst.
865 3841 966 3910 Λόγον,
985 3843 1032 3896 sed
1051 3841 1176 3894 Christum
1193 3842 1277 3907 filium
1299 3841 1415 3894 bominis

290 3938 342 3993 cn.
362 3939 538 3992 brieterdiecb
555 3935 571 3985 Ι.
592 3951 614 3985 c.
634 3950 659 4000 p.
680 3934 721 3986 27.
866 3932 899 3984 ab
915 3931 1012 4000 ignatio
1030 3939 1118 3981 nostro
1137 3927 1204 3979 Patri
1222 3922 1389 3978 subordinari.

316 4026 356 4090 ,7)
374 4023 612 4076 subordinationem
639 4019 687 4072 Dei
713 4019 770 4073 Filii
799 4021 841 4075 bic
901 4021 931 4086 8)
950 4019 968 4072 l.
987 4017 1011 4071 c'.
1036 4018 1097 4068 unio
1125 4023 1228 4067 externa
1257 4022 1283 4066 et
1308 4014 1413 4066 interut.

291 4112 383 4167 doceri
407 4111 541 4163 contendit
559 4111 721 4176 Mdnscber,
748 4108 840 4164 Lehrb.
867 4106 918 4160 Cir.
937 4106 1030 4174 Ephes.
1052 4105 1079 4164 d,
1098 4102 1123 4153 i.

291 4201 317 4253 d.
337 4198 542 4267 chmcngescb.
561 4196 580 4250 l.
607 4213 632 4264 p.
652 4195 711 4247 162.
747 4192 840 4248 Contm
901 4197 931 4265 9)
950 4195 975 4248 S.
989 4193 1098 4263 ignatius
1115 4188 1147 4241 nd
1166 4189 1246 4240 verbe
1259 4186 1283 4241 S.
1299 4185 1415 4256 Apostoli

290 4293 387 4355 norm,
407 4285 465 4338 Ani.
483 4301 509 4354 p.
526 4283 587 4350 754,
606 4292 700 4348 monet,
722 4299 737 4335 e
756 4283 841 4334 verbis
867 4282 952 4350 tllom.
973 4283 1015 4348 15,
1036 4281 1079 4346 ri)
1097 4278 1240 4346 respexisse
1258 4276 1368 4328 ridetur.
1456 4358 1459 4367 Α

289 4374 355 4427 nerei
389 4370 465 4442 σάρκα
497 4372 580 4443 pelam
609 4372 681 4437 den,
717 4386 768 4423 non
797 4367 842 4418 τόν

1426 4444 1526 4662 Ι
