3659 5209
657 549 688 604 ii.
707 544 891 604 mansuris
909 546 955 601 ΑΒ
975 544 1050 601 COR.
1070 544 1172 602 111.·tv.
1191 546 1221 601 V.
1444 552 1506 618 139

380 715 477 778 ¹eum
501 712 691 792 confitemur,
719 731 775 794 per
798 730 886 794 quem
909 711 1022 775 servati
1044 729 1156 774 sumus.
1201 711 1233 774 iu
1258 730 1386 794 qrronam
1409 719 1508 776 autem

376 806 460 883 ilium
484 817 714 881 confitebimur?
751 817 910 894 Facienda,
936 836 1014 898 quae
1037 817 1116 895 dicit,
1142 823 1171 879 et
1192 819 1327 880 mandata
1347 819 1426 905 iliius
1447 835 1508 881 non

377 924 562 1008 spernendo,
587 942 644 985 nec
665 924 731 986 soiu
778 924 863 985 istriis
880 941 947 985 eum
965 922 1152 1001 honorando,
1176 922 1230 984 sed
1254 920 1319 986 ²ex
1336 922 1508 987 totocorde

378 1037 409 1092 et
434 1048 474 1090 ex
496 1035 556 1090 tota
581 1036 688 1090 mente.
733 943 810 1089 Pseu
840 1030 917 1090 enim
949 1029 978 1090 in
1002 1027 1106 1090 Esaia:
1139 1024 1153 1066 ³
1164 1029 1303 1107 populns
1330 1030 1389 1091 iste
1412 1028 1507 1091 tabiis

376 1155 426 1198 me
448 1135 603 1209 honorot3
627 1154 683 1198 cor
706 1141 807 1196 antem
830 1151 938 1197 eorum
960 1133 1053 1214 ionpe
1077 1133 1165 1196 obest
1186 1153 1208 1196 o
1229 1153 1284 1196 me.

613 1324 660 1389 lv.
709 1323 787 1401 Quis
812 1323 966 1388 Christum
988 1344 1061 1388 nere
1085 1327 1276 1408 confiteatur.

469 1449 537 1513 Non
561 1448 655 1512 sotum
679 1447 768 1530 igitur
791 1449 886 1530 ipsum
910 1466 1054 1510 vocemus
1077 1450 1253 1526 Dominum;
1285 1448 1314 1512 id
1346 1450 1422 1511 enirn
1446 1465 1508 1510 non

329 1576 333 1605 ¹
378 1555 506 1620 salvabit
529 1571 594 1616 nos.
633 1552 708 1614 Dicit
724 1553 819 1615 enim:
844 1550 937 1616 ⁴non
952 1554 1063 1630 omnis,
1087 1556 1140 1635 qui
1157 1555 1236 1616 dicit
1250 1554 1343 1615 mihi.-
1364 1553 1507 1628 Domine,

329 1680 335 1722 r
380 1663 534 1736 Domine,
558 1659 748 1737 salvabitur,
772 1660 829 1721 sed
851 1660 905 1739 qui
927 1657 1009 1735 soeit
1026 1659 1193 1737 justitiam.
1239 1658 1360 1739 itaqua,
1388 1658 1507 1739 iratres,

329 1791 337 1845 r
382 1768 412 1829 iu
435 1766 577 1848 operibus
601 1766 695 1846 ipsum
718 1764 922 1843 confiteamur,
946 1766 974 1826 in
1000 1764 1150 1846 diiigendo
1176 1762 1252 1827 ⁵atit
1276 1765 1361 1842 aiios,
1394 1766 1422 1826 in
1447 1780 1507 1825 non

336 1896 340 1935 r
382 1870 587 1947 adulterando,
611 1887 711 1950 neque
734 1869 930 1930 obtrectando
953 1870 1091 1946 invicem,
1114 1887 1213 1950 neque
1237 1868 1428 1946 aemulando,
1452 1867 1505 1931 sed

336 2027 340 2041 .
382 1975 513 2037 vi'veudo
538 1976 566 2035 in
591 1976 790 2050 continentia,
816 1971 1038 2048 misericordis,
1060 1973 1191 2033 bonitate
1201 1993 1210 2047 ;
1243 1981 1273 2033 et
1299 1975 1507 2054 compassione

329 2084 344 2145 ii
382 2089 479 2144 mutua
498 2081 564 2141 duci
582 2077 735 2155 debemus,
759 2095 818 2138 non
837 2078 984 2158 pecuniae
1000 2075 1167 2154 cupiditate.
1204 2073 1237 2136 iu
1259 2077 1342 2139 hisce
1363 2078 1507 2158 operibus

329 2209 348 2263 ;Ι
382 2184 578 2248 confiteamur
602 2176 715 2259 6ειιιη,
738 2199 798 2244 non
821 2187 919 2243 eutem
943 2181 971 2243 in
995 2181 1168 2257 contrariis;
1195 2198 1251 2242 aec
1276 2182 1395 2244 timendi
1420 2183 1506 2244 nohis

329 2296 348 2353 ῖἓ
381 2296 456 2352 sunt
478 2286 622 2363 honines,
646 2286 699 2346 sed
725 2286 816 2347 Deus.
840 2266 987 2362 idcirco,
1012 2285 1099 2347 notris
1123 2283 1196 2345 hacc
1220 2283 1406 2363 iacientibus,
1434 2286 1508 2348 dixit

342 2416 348 2459 .·
382 2393 547 2455 Dominus:
573 2383 628 2451 ⁷si
647 2388 776 2466 fueritis
798 2409 913 2451 mecum
937 2389 1116 2471 conprepati
1139 2390 1173 2450 ia
1193 2389 1266 2450 sinn
1288 2409 1367 2464 meo,
1391 2398 1420 2450 et
1445 2407 1509 2450 non

329 2496 345 2563 ἑ
380 2497 525 2579 feceritis
547 2495 699 2556 orendoto
721 2513 805 2572 mea,
830 2494 979 2573 objiciam
999 2514 1075 2571 eos,
1099 2501 1130 2555 et
1152 2495 1255 2555 dicam
1278 2491 1388 2555 vohis:
1410 2485 1508 2553 ⁸de's·

329 2624 341 2663 a
384 2601 486 2671 cedite
509 2619 530 2660 a
551 2617 608 2675 me,
632 2600 738 2662 neseio
762 2616 830 2677 vos,
853 2599 938 2662 unde
959 2601 1041 2676 sitis,
1070 2599 1212 2678 operarii
1235 2597 1422 2678 iniqnitatis.

382 2793 418 2855 V.
468 2791 705 2855 Contemnamus
727 2792 885 2868 nundum,
910 2797 941 2852 et
961 2789 1184 2853 contendamus
1207 2791 1251 2852 ud
1273 2789 1403 2852 atterius
1427 2789 1510 2861 vitoe

851 2896 1043 2976 felicitatem.

472 3016 597 3097 idcirco,
621 3017 739 3097 iratres,
763 3019 902 3083 derelicta
924 3017 1167 3100 peregrinatione
1183 3016 1343 3098 mundana,
1367 3016 1509 3082 iaciamus

382 3121 565 3184 voluntatem
589 3124 672 3204 ejus,
703 3125 753 3205 qui
776 3127 895 3187 vocavit
918 3142 990 3200 nos,
1020 3131 1053 3188 et
1078 3125 1228 3187 emunda
1253 3125 1310 3188 hoc
1340 3126 1426 3187 exire
1449 3142 1509 3189 nou

382 3227 548 3289 timeamus.
594 3228 644 3289 au
672 3231 751 3290 eninr
783 3229 942 3293 Dominus:
977 3224 1095 3292 ⁹er'itis
1125 3231 1210 3293 aetat
1238 3230 1314 3310 oqui
1344 3230 1378 3291 ia
1407 3231 1508 3311 medio

382 3332 539 3410 lnporum.
587 3327 614 3369 ¹⁰
627 3331 824 3413 Respondeas
847 3343 945 3397 autem
968 3333 1071 3406 Petrus
1095 3336 1123 3398 ei
1145 3336 1203 3398 ait:
1229 3332 1294 3397 ¹¹si
1318 3345 1419 3397 entem
1442 3334 1508 3416 tupi

382 3455 485 3516 cynos
517 3436 769 3515 discerpserint?
813 3438 977 3523 Respondit
1005 3439 1095 3503 iesus
1125 3439 1230 3502 Petro:
1272 3435 1296 3477 ¹²
1311 3459 1349 3502 ae
1380 3442 1510 3502 tineent

380 3541 460 3620 eqni
479 3549 551 3617 post
573 3552 700 3604 mortem
717 3562 808 3606 suum
826 3545 929 3624 lupos,
956 3541 1023 3607 ¹³et
1040 3565 1098 3609 eos
1116 3545 1213 3607 nolite
1234 3544 1340 3608 timere
1362 3564 1429 3621 eos,
1454 3544 1510 3625 qui

382 3645 533 3709 occidunt
552 3665 620 3724 nos,
644 3657 673 3710 et
694 3649 805 3712 deinde
827 3650 907 3714 nihil
928 3649 1019 3713 echis
1031 3657 1168 3729 possunt
1180 3648 1310 3727 socere3
1331 3650 1388 3712 sed
1409 3650 1511 3712 timete

419 3870 450 3934 6)
469 3869 506 3922 ita
522 3870 611 3924 Bothe
637 3870 792 3942 animadv]
811 3891 857 3927 sea
875 3870 965 3943 [ro'r
981 3875 1026 3942 10)
1045 3873 1084 3925 De
1107 3872 1152 3924 taii
1177 3871 1308 3942 coiioquio
1333 3869 1425 3923 Christi
1452 3886 1509 3921 cum

383 3952 530 4024 O⁶⁰¹']·
964 3961 1038 4013 Petro
1063 3961 1163 4028 reperio
1189 3960 1282 4012 nihii
1274 3975 1299 4010 ur
1323 3958 1348 4009 S.
1371 3956 1508 4023 Scriptura.

419 4045 449 4107 7)
468 4043 523 4095 Non
544 4053 585 4096 ast
603 4045 672 4097 iuS.
693 4045 830 4114 Scriptura.
866 4045 934 4099 For
962 4048 1040 4101 Forte
1063 4057 1144 4100 sumta
1167 4056 1225 4098 sunt
1244 4062 1276 4098 ex
1295 4043 1441 4111 apocrypha
1460 4040 1510 4093 aii-

382 4134 452 4203 sitan
473 4149 504 4184 ex
517 4132 660 4201 Evangelio
673 4135 811 4186 secundam
825 4133 934 4203 Aegpp-
963 4149 1011 4207 qua
1030 4132 1245 4188 historia.B01s.

380 4222 444 4271 iios.
470 4224 561 4270 Woaa.
891 4270 895 4276 ,
981 4225 1025 4288 11)
1047 4221 1097 4272 cn.
1116 4220 1176 4271 Luc.
1197 4219 1239 4282 10,
1258 4217 1282 4269 3.

419 4305 450 4367 8)
470 4304 557 4356 hiattii.
577 4305 601 4369 7,
622 4304 663 4357 23.
699 4304 758 4359 Luc.
779 4305 821 4370 13,
840 4305 882 4359 27.
981 4310 1025 4371 tt)
1044 4306 1100 4358 Non
1120 4314 1160 4357 est
1177 4307 1201 4356 in
1220 4304 1246 4355 S.
1266 4301 1405 4378 Scriptura.

420 4389 679 4457 timarchidis.
723 4411 726 4415 ·
980 4394 1025 4461 13)
1047 4391 1132 4446 matth.
1154 4392 1202 4459 10,
1221 4388 1264 4449 28.
1299 4389 1358 4444 huc.
1382 4388 1423 4454 12,
1442 4387 1467 4440 1.
1486 4385 1511 4440 5.

1507 4528 1606 4662 Ι
