3659 5209
575 538 697 596 uanaru
714 539 873 595 nrrsrom
892 541 937 594 nn
956 540 1122 596 aruasros.
1141 541 1194 596 xx.
1213 514 1278 598 xxi.
1413 529 1485 612 '171

674 789 739 852 XX.
765 789 899 851 -lterum
921 789 1011 852 cobis
1033 790 1177 854 smitam.

457 913 514 978 ¹Si
544 931 592 976 me
622 913 760 997 dignatus
784 912 872 976 luerit
894 912 984 977 Jesus
1006 914 1140 977 Christus
1168 922 1292 999 propter
1306 904 1489 984 'orationem

357 1023 514 1097 vestram,
546 1023 576 1080 et
597 1017 736 1081 voluntas
758 1017 816 1096 sit,
848 1018 877 1080 in
900 1018 1034 1082 secundo
1056 1019 1175 1101 libello,
1209 1041 1297 1104 quem
1324 1025 1488 1105 scripturus

358 1139 432 1185 sum
456 1123 554 1202 vobis,
578 1098 761 1186 ⁹declarabo
786 1123 881 1203 vobis,
905 1142 992 1205 quam
1015 1125 1201 1207 inceperam,
1231 1127 1436 1192 formationem
1459 1131 1489 1192 in

343 1225 378 1266 “³
394 1246 507 1290 novum
529 1227 677 1290 hominem
700 1225 803 1290 Jesum
827 1227 992 1307 Christum,
1024 1247 1079 1310 per
1108 1230 1195 1293 iidem
1223 1232 1253 1295 in
1283 1252 1351 1296 eum
1383 1240 1413 1296 et
1434 1225 1489 1316 per

359 1333 459 1418 ipsius
488 1333 700 1412 ellectionem,
733 1352 788 1414 por
823 1335 994 1415 passionem
1030 1341 1060 1396 et
1094 1320 1346 1401 resurrectionem
1378 1338 1488 1420 ipsius;

346 1437 378 1476 '⁴
393 1438 537 1516 maxime,
571 1438 597 1500 si
630 1437 772 1501 Dominus
804 1438 873 1501 mihi
903 1439 1102 1518 revelaverit,
1137 1441 1216 1522 quod
1244 1460 1300 1505 vos
1333 1442 1370 1505 ad
1398 1463 1489 1506 unum

361 1526 472 1607 omnes
496 1540 689 1606 ⁵nominatim
713 1562 767 1625 per
791 1545 915 1626 gratiam
939 1544 1106 1610 convenitis
1126 1546 1156 1607 in
1174 1565 1233 1610 una
1253 1545 1312 1608 lide
1331 1553 1361 1608 et
1378 1548 1407 1609 in
1428 1566 1488 1610 uno

359 1649 439 1712 lesu
462 1649 579 1711 Christo
604 1681 645 1693 -
669 1650 727 1729 qui,
751 1649 914 1713 secundum
940 1668 1060 1711 carnem
1083 1668 1261 1732 exgenere
1284 1650 1388 1729 David,
1411 1651 1488 1713 silius
1572 1686 1580 1693 ·

362 1759 414 1816 est
437 1753 563 1815 hominis
587 1759 616 1816 et
638 1753 715 1817 lilius
731 1748 787 1814 Dei
810 1787 850 1798 -
874 1761 906 1816 ut
931 1754 1075 1817 obediatis
1092 1755 1235 1836 episcopo
1256 1761 1286 1817 et
1300 1756 1488 1837 presbyterio
1525 1778 1527 1783 ·

362 1855 657 1938 mente'indivulsa,
680 1857 854 1951 frangentes
877 1877 983 1940 panem
1007 1876 1114 1939 unum,
1145 1859 1197 1939 qui
1218 1859 1407 1941 pharmacum
1430 1861 1488 1923 im-

334 2000 339 2007 ·
365 1962 553 2026 mortalitatis
576 1969 637 2045 est,
660 1963 840 2043 antidotum,
864 1981 903 2026 ne
925 1964 1102 2043 moriamur,
1134 1963 1189 2027 sed
1212 1964 1345 2029 vivamus
1368 1984 1489 2049 semper

361 2067 397 2131 iu
422 2065 495 2130 Jesu
518 2067 645 2132 Christo.

651 2258 728 2322 XXl.
775 2259 870 2324 Orate
889 2278 953 2339 pro
976 2279 1022 2322 me
1045 2267 1076 2322 et
1094 2259 1203 2323 valete.

380 2410 384 2417 ¹
454 2377 618 2445 ⁶·Vicissim
640 2383 859 2446 recreationem
881 2383 1015 2446 habeatis
1030 2381 1075 2445 'in
1105 2401 1153 2445 me
1176 2389 1206 2444 et
1228 2382 1266 2444 in'
1282 2378 1294 2418 ⁷
1309 2402 1366 2462 eo,
1399 2402 1487 2465 quem

357 2489 403 2555 ad
427 2488 574 2551 honorem
590 2487 645 2550 Dei
661 2473 785 2550 'misistis
802 2487 967 2571 Smyrnam,
989 2488 1068 2551 unde
1092 2493 1121 2549 et
1136 2488 1236 2550 scribo
1255 2488 1351 2566 vobis,
1375 2490 1487 2570 gratias

363 2604 462 2678 agens
483 2594 627 2672 Domino,
659 2594 786 2676 diligens
817 2593 1031 2676 Polycarpum,
1063 2599 1094 2656 ut
1125 2598 1155 2654 et
1186 2609 1250 2655 vos.
1295 2592 1487 2657 Memineritis

364 2699 544 2777 mei,·sicut
567 2706 597 2760 et
620 2698 713 2759 vestri
735 2694 823 2759 Jesus
848 2697 991 2760 Christus.
1039 2697 1129 2760 Orate
1151 2713 1207 2776 pro
1235 2696 1378 2773 ecclesia,
1411 2716 1488 2778 quae

317 2786 320 2793 ¹
366 2804 467 2866 estin
490 2802 585 2884 Syria,
610 2802 689 2864 unde
712 2803 828 2865 vinctus
843 2802 966 2865 Romam
989 2801 1131 2879 abducor,
1155 2801 1336 2863 novissimus
1359 2800 1488 2863 fidelium

365 2925 488 2986 eorum,
515 2908 571 2989 ·qui
601 2907 641 2970 ibi
673 2911 758 2985 sunt,
792 2901 887 2970 ⁸cum
920 2906 1027 2988 dignus
1060 2908 1115 2969 sim
1148 2905 1263 2968 habitus
1294 2906 1421 2967 inveniri
1451 2907 1488 2968 ad

336 2999 514 3076 rhonorem
536 3012 601 3085 Dei.
647 3011 749 3074 Valetc
772 3011 801 3075 in
823 3011 889 3075 Deo
913 3020 997 3094 patre
1027 3019 1058 3074 et
1087 3011 1116 3073 in
1138 3010 1212 3074 Jesn
1235 3009 1370 3089 Christo,
1402 3028 1489 3073 com·
1590 3043 1592 3047 ·

365 3117 450 3179 muni
472 3100 526 3198 spe
549 3121 661 3180 nostra.
766 3114 769 3119 ’

363 3340 450 3415 locum
470 3344 592 3409 reprimit.
615 3341 758 3395 Bansenias
775 3350 834 3410 post
848 3335 915 3389 ᾰπο-
943 3340 1001 3412 ⁰2²
1019 3349 1045 3394 et
1062 3343 1087 3395 6.
1129 3344 1187 3411 Epo
1213 3343 1339 3397 cieieee'm
1365 3359 1489 3410 recreent,

364 3424 462 3496 antipa
477 3430 555 3480 colon
574 3445 686 3498 ponens,
712 3445 803 3480 novam
823 3444 914 3496 quam·
942 3432 1058 3498 reficiam
1075 3447 1133 3482 voe.

365 3516 424 3569 dam
442 3519 629 3571 revelationem
649 3519 768 3572 diuinam
788 3532 802 3567 a
821 3506 914 3566 Nostro
977 3515 1043 3584 t)1.
1063 3531 1086 3566 o.
1105 3503 1184 3575 οὗτος,
1209 3508 1238 3564 ὃν
1255 3519 1353 3566 Nonas.
1382 3504 1431 3564 Ὧν
1447 3514 1489 3567 vel

341 3606 344 3610 '
365 3601 458 3655 dolose
476 3611 634 3670 expectatam
652 3602 730 3654 luisse
749 3602 870 3670 putabat:
942 3599 981 3660 οὓς
999 3601 1111 3668 conjecit
1129 3600 1212 3654 Cotel.

402 3690 431 3754 5)
449 3689 470 3739 l.
491 3705 514 3740 e.
535 3694 624 3744 omnies
643 3693 754 3760 atnputt,
772 3697 800 3740 ut
818 3688 850 3740 ad
861 3688 914 3740 Po·
977 3689 1007 3754 8)
1027 3688 1078 3741 Aut
1104 3705 1161 3741 eum
1186 3685 1370 3754 interpolatore
1390 3687 1489 3755 'graeco

358 3777 426 3844 -lyc,
438 3792 462 3829 c.
479 3777 511 3828 l:
522 3782 550 3829 et
567 3776 598 3827 ad
617 3776 715 3843 Smyrn.
734 3793 756 3827 c.
780 3777 819 3827 13.
943 3774 1079 3845 legendum
1098 3783 1136 3827 est
1154 3772 1227 3841 ὅσπερ
1241 3794 1276 3822 .-.-
1293 3777 1346 3842 qui,
1365 3784 1407 3826 aut
1426 3789 1490 3826 con·

400 3865 431 3932 6)
451 3861 503 3915 Cir.
523 3863 555 3915 ad
569 3863 668 3930 Smym.
688 3880 710 3914 c.
727 3863 766 3916 10.
783 3848 915 3929 αάῬοΙγο.
941 3862 1034 3932 jungas
1051 3859 1130 3929 ὥσπερ
1149 3877 1206 3914 cum
1224 3857 1358 3925 δεδεμένος.
1390 3908 1392 3913 ,

813 4164 1045 4176 m-
