3659 5209
351 568 548 641 aronam]
790 552 1046 625 monacorum.
1420 576 1482 631 ιιι

351 739 388 798 ιιι
408 733 542 796 virorum
566 731 720 794 doctorum
744 730 889 813 applausu
917 729 946 791 id
977 729 1108 827 iaceret³
1138 740 1171 796 ut
1199 736 1362 815 nemiuem,
1393 754 1482 820 quem

353 840 464 918 sciam,
485 838 515 900 iu
539 855 621 899 suam
645 837 778 899 traheret
800 836 992 914 senteutiam,
1023 837 1125 918 plures
1147 857 1240 918 vero,
1266 858 1301 902 re
1322 841 1427 904 iterum
1451 845 1482 907 in

353 943 438 1005 litem
459 948 573 1018 vocata,
590 941 744 1005 'brevioris
767 941 953 1036 recensionis
976 959 1040 1002 rem
1066 948 1200 1024 agerent.
1244 942 1410 1007 Laudemus
1433 946 1482 1010 hic

355 1048 392 1109 V.
430 1047 464 1109 l).
500 1046 694 1109 Richardum
730 1047 828 1108 liothe
849 1040 876 1127 Ι)
914 1044 1222 1132 Heidelbergensem,
1266 1047 1433 1111 Aradtium
1448 1048 1481 1134 ²)

353 1151 640 1233 Ralzehurgensem,
652 1151 805 1213 Bouriuau
818 1149 1040 1232 Tuhingensem
1051 1148 1083 1235 ³)
1100 1158 1129 1214 et
1142 1152 1338 1215 Fridcricum
1347 1153 1482 1216 Dictor-

352 1256 446 1320 diocli
470 1256 675 1337 llameleusem
693 1252 735 1339 ⁴).

441 1360 571 1422 hleierus
594 1361 687 1422 trihus
710 1359 894 1440 potissimum
918 1361 1099 1442 argumentis
1122 1363 1300 1427 seutentiam
1323 1381 1406 1427 suam
1428 1365 1484 1428 lir-

351 1484 437 1535 mare
460 1472 585 1528 conatus
609 1472 663 1528 cst.
774 1524 780 1531 .

441 1567 488 1654 a)
501 1570 533 1632 ln
557 1569 698 1647 breviori,
722 1569 824 1650 inquit,
847 1564 1028 1633 recensione
1043 1571 1174 1634 Nicaena
1191 1570 1230 1633 de
1243 1572 1359 1635 Deitate
1375 1571 1484 1636 Christi

351 1678 491 1741 doctrina
515 1682 641 1754 tenetur,
665 1694 740 1758 crgo
764 1675 966 1738 Postnicaenis
989 1677 1171 1758 temporibus
1198 1668 1318 1739 exarata
1343 1685 1481 1758 puletnr;

350 1783 474 1865 longior
496 1799 570 1844 vero
594 1781 732 1843 recensio
756 1783 851 1843 minus
876 1781 1010 1844 decisum
1034 1781 1071 1843 de
1094 1782 1150 1842 hac
1172 1799 1207 1844 re
1230 1781 1347 1844 dicendi
1373 1801 1481 1866 genus,

351 1888 527 1971 apostolicis
557 1887 748 1968 temporibus.
772 1904 957 1968 congruum,
989 1904 1061 1966 prae
1091 1903 1125 1946 se
1152 1885 1210 1947 lert
1242 1892 1271 1948 et
1300 1894 1410 1949 servat.
1438 1922 1481 1932 —

350 1987 464 2056 ilerum
487 1993 584 2054 acrior
606 1992 762 2070 utriusque
784 1992 971 2050 recensionis
1003 1991 1147 2068 inspectio
1178 1990 1281 2070 docet,
1312 1993 1481 2074 longiorem

352 2115 477 2179 quoque
493 2094 690 2156 octiesdecies
707 2093 852 2154 Christum
868 2092 967 2155 Deum
983 2095 1146 2171 nominare,
1170 2112 1233 2155 eam
1253 2099 1346 2177 magis
1361 2097 1482 2160 delinito

354 2201 393 2261 de
414 2216 553 2278 persono
576 2198 700 2279 Spiritus
723 2195 937 2276 sanctiloqui,
967 2197 1155 2278 pleniorique
1185 2196 1308 2261 formula
1332 2200 1481 2264 Trinitatis

353 2322 426 2366 esse
450 2321 531 2364 usam
549 2300 596 2385 ⁵);
630 2299 760 2390 qualit,
792 2306 823 2362 ut
851 2302 956 2363 merito
987 2302 1204 2382 posterioribus
1229 2304 1271 2365 -sit
1300 2305 1481 2385 temporibus

351 2406 520 2470 tribuenda.
550 2420 553 2425 ·
621 2454 625 2469 ,
697 2406 700 2410 ’

441 2508 482 2595 b)
504 2496 672 2574 Secundum
695 2500 902 2592 argumentum
923 2510 1055 2574 lleierus
1080 2531 1119 2574 ex
1138 2511 1205 2594 styli
1226 2512 1401 2574 charactere
1423 2511 1482 2574 de-

353 2619 480 2700 promit,
511 2634 653 2696 monem,
685 2617 854 2678 breviorem
877 2619 1088 2680 recensionem
1116 2618 1261 2699 epitomes
1288 2615 1429 2678 dciormis
1452 2623 1483 2679 et

353 2724 502 2786 obscurae
525 2721 606 2783 ferre
628 2727 779 2799 naturam,
805 2721 853 2782 cui
875 2703 996 2804 longior
1018 2724 1240 2785 textu-meliori
1266 2722 1365 2784 lumen
1390 2739 1481 2801 prae-

351 2829 428 2891 bere
453 2825 581 2889 debeat(
622 2825 681 2901 Sed
708 2831 810 2888 contra
841 2824 944 2906 plures
973 2827 1121 2909 longioris
1152 2828 1340 2891 recensionis
1372 2826 1432 2891 loci
1463 2844 1481 2890 a

350 2934 494 2996 breviore
527 2931 642 2993 demum
676 2930 866 3013 illustrantur.
921 2931 1001 2993 lllam
1036 2936 1119 3015 justo
1158 2949 1227 2994 esse
1264 2932 1479 3012 loquaciorem,

352 3038 551 3118 dictionisque
574 3037 720 3119 gravitate
744 3053 865 3114 carere,
899 3035 985 3098 facile
1016 3037 1128 3100 videas.
1172 3037 1236 3100 Nec
1264 3039 1359 3099 minus
1390 3037 1479 3098 addi-

349 3149 481 3206 tamenta
504 3143 609 3212 inertia
632 3147 662 3203 el
684 3141 839 3204 citationes
862 3141 1033 3222 superfluae
1056 3149 1086 3203 te
1109 3141 1232 3224 fugient,
1256 3143 1364 3223 quibus
1381 3143 1478 3204 iuter-

350 3249 470 3331 polator
498 3249 661 3330 genuinum
694 3236 951 3329 textum-augere
980 3253 1026 3311 est
1056 3265 1156 3311 ausus.
1202 3244 1383 3310 Breviorem'
1403 3267 1477 3311 vero

348 3355 561 3418 recensionem
585 3369 672 3414 nemo
696 3351 845 3431 epitomen
868 3353 990 3433 putabit,
1013 3354 1062 3434 qui
1076 3353 1261 3415 succinctum
1280 3359 1308 3414 et
1324 3353 1477 3415 concisum

348 3476 540 3537 sermonem,
573 3456 716 3539 gravibus
747 3457 902 3518 sententiis
933 3457 1092 3537 refertum,
1126 3445 1325 3540 grammaticis
1359 3457 1477 3536 quidem

347 3565 466 3647 regulis
493 3560 605 3626 'miuus‘
628 3561 808 3640 obnoxium,
842 3560 896 3623 sed
929 3561 1041 3625 ardore
1073 3562 1227 3643 seripturis
1259 3561 1425 3622 ferventem
1459 3578 1477 3621 a

348 3669 461 3752 frigida
478 3668 610 3750 duraque
626 3671 755 3752 epitome
770 3666 864 3750 possit
879 3667 1061 3731 discernere.
1107 3666 1194 3741 Quod
1213 3664 1342 3747 denique
1362 3665 1476 3728 obscu-

388 3893 416 3959 t)
436 3893 485 3945 Die
498 3892 614 3962 hnitnge
632 3893 678 3944 dar
691 3891 785 3947 christl.
798 3892 898 3947 llirche.
927 3892 1090 3960 epistolarum
1108 3893 1237 3946 authentia
1257 3883 1306 3944 etc.
1335 3889 1474 3942 Commen-

347 3982 521 4050 Wittenherg.
541 3981 616 4034 1837.
637 3998 663 4049 p.
682 3981 741 4034 739.
927 3982 987 4032 tatio
1001 3980 1136 4050 Gottingae
1153 3982 1266 4048 praemio
1285 3981 1357 4047 regio
1377 3985 1474 4040 oruata,

385 4070 415 4134 2)
435 4068 477 4120 ln:
498 4068 611 4121 Ulmauni
623 4069 695 4122 Stud.
708 4078 734 4121 et
746 4069 807 4122 ttrtt.
822 4066 897 4118 1839.
926 4083 950 4135 p.
970 4065 1004 4118 20
1016 4084 1073 4136 sqq.

346 4175 376 4227 p.
397 4155 457 4208 1³6.
576 4196 580 4201 .
617 4171 623 4175 ·
962 4157 991 4225 5)
1010 4155 1061 4209 Cir.
1080 4150 1172 4224 druell,
1193 4160 1232 4210 iu:
1252 4159 1385 4212 Ullmouui
1402 4153 1474 4207 Stud.

386 4245 415 4307 3)
434 4243 537 4313 Tubing.
546 4242 668 4296 Zeitschr.
678 4241 897 4298 senmourmae.
927 4253 976 4296 etc.
994 4243 1069 4295 1839.
1083 4261 1107 4313 p.
1123 4245 1273 4309 tot-1463
1301 4236 1399 4306 Bothe,
1417 4243 1473 4292 hu-

347 4331 424 4384 Farc.
442 4331 485 4383 lll.
504 4346 530 4400 p.
553 4329 611 4383 tro:
927 4332 1001 4400 lange
1013 4339 1062 4383 etc.
1073 4333 1241 4400 prot-rot
1255 4330 1473 4404 etDaiaterrlr'eclr,

383 4421 413 4485 t)
432 4422 623 4489 detulerimus,
653 4418 686 4472 de
711 4416 898 4490 lgnatianerum
925 4420 941 4471 1.
961 4435 984 4470 ο.
1002 4435 1028 4487 p.
1047 4419 1080 4470 26
1093 4435 1131 4488 aq.
1150 4427 1177 4472 et
1194 4419 1235 4472 ³3.
1369 4406 1374 4423 ²
