3659 5209
296 4432 426 4650 χ.

416 2334 419 2338 ⁴
450 2350 660 2412 ministrantes.
706 2349 759 2428 lli,
789 2349 814 2411 si
844 2342 1063 2429 permanserint
1092 2347 1121 2409 in
1145 2347 1250 2410 eadem
1274 2353 1468 2433 cu'piditate,
1499 2306 1594 3045 κήπὶ

446 515 514 581 430
658 507 797 563 uuanda:
815 507 950 562 PASTOR.
985 505 1082 561 blBER
1099 504 1141 559 tlt
1178 504 1309 561 surum.
1328 507 1372 562 IX.

449 675 560 738 tentiae
584 672 713 751 nuntius,
737 672 765 734 in
790 669 897 734 eodem
920 668 1073 752 proposito
1092 687 1285 750 permanere,
1312 670 1499 756 quicumque
1513 672 1561 732 edis

448 779 634 862 hujusmodi,
664 796 704 840 ne
721 775 902 839 -eradicetur
925 792 1027 857 semen
1049 782 1182 838 vestrum
1213 777 1244 837 in
1270 795 1395 839 aevum.
1443 778 1563 840 Dominus

449 886 525 947 enim
549 903 605 948 vos
628 883 774 965 probavit,
798 889 828 944 et
851 881 1028 962 conseripsit
1051 881 1080 944 in
1096 887 1231 943 nostrum
1247 900 1427 963 numerum,
1451 889 1480 946 et
1497 902 1566 945 omne

449 1007 550 1052 semen
574 995 707 1050 vestrum
729 1006 796 1050 eum
819 986 893 1051 Filio
917 987 986 1049 Dei·
1001 984 1010 1023 ¹
1026 986 1166 1048 habitabit
1173 1008 1183 1068 ς
1214 986 1253 1048 de
1281 989 1395 1070 spiritu
1420 991 1497 1052 enim
1517 992 1568 1072 ejus

449 1097 520 1159 estis
545 1094 678 1158 omnes.“

534 1198 625 1260 XXV.
662 1198 726 1277 „De
750 1202 855 1260 octavo
879 1215 954 1259 vero
972 1201 1082 1274 monte,
1098 1195 1134 1261 ¹in
1151 1214 1212 1276 quo
1228 1196 1355 1278 plurimi
1375 1207 1464 1277 erant
1479 1200 1569 1278 fontes,

449 1306 478 1368 in
500 1306 613 1386 quibus
634 1303 835 1387 adaquabatur
858 1321 946 1366 omne
977 1319 1073 1385 genus
1104 1303 1369 1379 ereaturae'Dei3
1405 1305 1481 1367 tales
1508 1313 1569 1383 sunt,

449 1411 500 1492 qui
522 1409 712 1491 crediderunt
735 1406 906 1488 AposloIiS,
930 1413 1006 1487 quos
1029 1403 1277 1475 misitDominus
1301 1407 1340 1468 in·
1361 1413 1461 1471 totum
1486 1410 1569 1471 orben

426 1486 639 1607 ,¹praedicare3
672 1521 702 1577 et
732 1510 849 1594 quidam
879 1510 1039 1589 doctores,
1068 1509 1119 1590 qui
1150 1515 1233 1571 caste
1254 1511 1445 1581 etsincere
1467 1438 1606 1595 praedi-¹

449 1625 594 1683 caverunt
624 1637 659 1680 ac
691 1617 875 1695 docueruut,
909 1633 967 1679 nec
996 1614 1156 1696 quidquam
1188 1616 1313 1679 omuino
1340 1598 1606 1704 subscripsemntfl

449 1726 543 1789 malae
568 1722 734 1804 cupiditati,
766 1721 820 1784 sed
852 1720 972 1784 assidue
1002 1720 1032 1783 in
1055 1719 1204 1799 aequitate
1227 1738 1265 1780 ac
1292 1722 1568 1786 veritateambula-

420 1889 423 1893 .
448 1834 564 1892 verunt.
585 1858 587 1862 ·
609 1826 645 1887 lli
668 1844 744 1909 ergo
768 1827 845 1888 inter
867 1826 994 1908 angelos
1017 1825 1277 1888 conversationem
1302 1825 1455 1891 habent.“

515 1930 638 2003 XXVI.
686 1932 750 2010 „De
773 1949 854 1995 nono
878 1937 976 1993 autem
999 1937 1099 1995 monte
1123 1928 1246 1992 deserto
1278 1949 1315 1993 ac
1340 1940 1506 2015 serpentes
1524 1933 1566 1993 ba·

450 2037 555 2111 bente:
579 2035 747 2119 hujusmodi
764 2041 840 2115 sunt,
864 2036 915 2115 qui
931 2025 1131 2122 crediderunt,
1153 2032 1208 2096 sed
1225 2040 1256 2095 et
1272 2037 1415 2101 maculas
1432 2038 1564 2101 habebmt

450 2142 485 2217 lli
510 2146 578 2204 suut
600 2141 733 2219 ministri,
757 2140 833 2203 male
849 2139 1043 2212 ministerium
1059 2145 1197 2221 agentes,
1220 2137 1415 2222 diripientes·
1434 2142 1562 2207 viduarm

450 2247 527 2308 bona
552 2251 581 2325 et
604 2245 799 2327 pupillorum,
833 2245 906 2322 sibi,
940 2263 1000 2310 non
1031 2245 1093 2306 aliis
1116 2263 1156 2328 ex
1178 2244 1244 2322 bis,
1277 2265 1364 2326 quae
1397 2252 1562 2330 acceperunt,

450 2471 485 2517 se
506 2453 700 2531 tradiderunt,
724 2473 780 2516 nec
803 2454 860 2516 ulla
884 2454 941 2515 erit
963 2453 993 2514 in
1016 2453 1059 2514 eis
1082 2470 1153 2534 spes
1177 2454 1275 2539 vitae3
1303 2457 1424 2536 quodsi
1448 2454 1562 2521 conversi

452 2559 636 2637 suerint,.et
667 2565 749 2620 caste
776 2558 1049 2639 consummaverint
1071 2557 1272 2641 ,ministerium
1299 2577 1414 2643 suum,
1449 2566 1562 2645 poterunt

451 2665 563 2726 vivere.
607 2662 669 2737 Qui
689 2681 763 2742 vero
786 2663 921 2725 scabrosi
945 2664 1056 2743 reperti
1081 2667 1167 2740 sunt,
1197 2663 1216 2722 ii
1243 2661 1335 2744 sunt,
1370 2665 1456 2748 ²qui
1479 2683 1562 2730 nonen

450 2767 569 2831 Domini
592 2768 833 2849 abnegaverunt,
864 2786 920 2830 nec
943 2767 981 2828 ad
1004 2766 1160 2831 Dominum
1183 2786 1289 2831 rursus
1317 2770 1501 2850 redierunt,
1527 2767 1563 2832 sed

451 2879 588 2954 agrestes
618 2878 779 2962 evaserunt
808 2878 897 2951 atque
929 2856 1053 2951 deserti,
1084 2891 1145 2935 non
1178 2873 1368 2954 applicantes
1400 2897 1439 2940 se
1470 2878 1506 2941 ed
1526 2875 1563 2938 bd

451 2994 569 3056 servos,
593 2977 647 3039 sed
671 2976 799 3055 separati
822 2975 859 3037 ab
883 2976 937 3055 eis,
960 2994 1014 3057 pro
1038 2974 1132 3057 parva
1153 2978 1358 3043 sollicitudine
1386 2983 1481 3046 vitam
1502 2997 1562 3044 suan

451 3083 621 3155 amiserunt.
666 3079 846 3162 sicutenim
869 3081 938 3143 vitis
961 3065 1057 3161 aliqua
1080 3079 1222 3153 derelicta
1249 3082 1279 3145 in
1302 3100 1401 3166 sepe,
1436 3088 1485 3150 cui
1505 3084 1562 3148 nula

451 3186 564 3248 cultura
589 3184 750 3265 contingit,
781 3182 903 3266 disperit
934 3192 964 3248 et
986 3185 1152 3264 suffocatur
1170 3187 1206 3249 ab
1232 3186 1359 3268 herbis,
1392 3198 1426 3253 et
1459 3188 1561 3274 agresl's

431 3280 585 3378 „tempore
608 3286 736 3350 efficitur
760 3285 887 3370 (desinit
910 3288 988 3351 enim
1012 3289 1089 3353 utilis
1112 3308 1182 3354 esse
1207 3290 1460 3378 dominosuo),
1490 3296 1563 3358 sicel

433 3387 619 3476 'hujusmodi
641 3391 775 3478 homines
799 3393 837 3469 de
859 3413 894 3456 se
918 3394 995 3476 ipsis·
1011 3393 1214 3478 desperantes,
1227 3399 1433 3480 'exacerbati
1457 3398 1563 3474 Domino

445 3516 506 3575 ,suo
529 3494 647 3560 inutiles
671 3514 740 3560 esse
763 3506 955 3585 coeperunt.¹
984 3496 1074 3585 illis
1094 3510 1168 3582 ergo
1198 3500 1318 3564 demum
1353 3503 1448 3568 datm
1477 3501 1565 3587 poeni·

450 3603 558 3688 tentia,
581 3602 606 3670 si
627 3615 688 3665 uon
711 3622 750 3665 ex
772 3604 958 3685 praecordiis
978 3604 1090 3668 inventi
1112 3603 1223 3667 luerint
1245 3605 1449 3694 denegasse=3
1480 3603 1566 3691 quodsi

450 3698 517 3786 quis
540 3724 579 3768 ex
601 3693 790 3787 praecordiis
807 3709 945 3770 inventus
969 3707 1058 3771 luerit
1081 3709 1261 3792 denegasse,
1285 3730 1327 3774 au
1342 3698 1447 3778 ¹vitam
1467 3709 1567 3793 assequi

450 3810 554 3892 possit,
577 3811 695 3892 ignoro.
740 3812 871 3893 Ideoque
896 3812 972 3892 dieo,
995 3814 1078 3876 utin
1101 3812 1281 3893 hisdiebus,
1307 3816 1434 3898 siquis
1457 3817 1568 3902 negarit,

486 3996 513 4064 l)
532 3999 569 4050 lta
589 3998 670 4051 codex
688 3999 775 4064 Rodl.;
803 4016 876 4067 quam
903 3981 997 4081 lectio-
1023 4010 1211 4072 depaverunt,
1227 4010 1356 4071 etsupra,
1374 4023 1399 4059 c.
1422 4007 1465 4061 19.
1484 4026 1507 4077 p.
1524 4005 1569 4056 426.

450 4099 508 4137 nem
527 4094 630 4138 secutus
641 4094 680 4139 est
691 4085 777 4138 Fellus
796 4087 821 4137 in
841 4086 901 4140 edit.
914 4085 996 4138 Oxou.
1022 4095 1077 4140 not.
1096 4089 1120 4138 l.

450 4170 521 4241 llulg.
541 4176 641 4228 ditabit.
1058 4174 1086 4243 3)
1105 4173 1154 4236 cui
1178 4164 1313 4228 tormentis
1343 4188 1448 4235 tantum
1475 4187 1572 4239 coactus

485 4259 513 4324 2)
539 4258 590 4312 Clr.
616 4258 695 4313 Simil.
720 4259 791 4327 v111,
818 4263 849 4312 6:
882 4265 910 4330 bi
934 4272 998 4317 auant
1024 4277 1075 4313 uon
1093 4279 1124 4313 ex
1142 4262 1234 4328 corde,
1260 4264 1342 4334 fidem
1367 4267 1524 4340 abnegarit,
1547 4265 1572 4318 nd

451 4353 619 4420 transfugae,
650 4351 696 4418 qui
812 4366 906 4404 oomea
936 4351 997 4416 ejus
1023 4349 1207 4417 poenitentiam
1225 4348 1388 4427 admittatur,
1421 4422 1425 4429 ι
