3659 5209
682 540 861 605 ΒΑΗΝΑΒᾸΕ
880 540 1046 604 EPISTULA.
1074 548 1106 602 Χ.
1124 542 1167 603 11.
1443 548 1487 617 27

360 712 427 774 istis
456 711 592 791 seminis,
624 713 702 792 puae
730 710 882 773 infandum
913 709 1028 772 facinus
1060 729 1114 774 ore
1145 717 1324 793 perpetrant.
1368 713 1485 777 Animal

361 818 441 878 enim
466 817 537 878 iilud
561 835 615 880 ore
637 816 772 897 concipit.
811 814 913 879 Moses
936 815 1027 896 igitur
1049 814 1087 876 de
1107 817 1185 878 escis
1207 816 1333 896 loqueos
1353 818 1405 879 tria
1426 818 1484 882 de-

360 928 447 982 creta
472 921 590 984 locutos
614 926 660 983 est
682 922 711 982 io
736 919 854 1001 spiritu;
879 918 1036 996 itinero,
1056 919 1142 1000 juxta
1166 921 1264 981 carnis
1288 920 1483 1001 cupiditatem,

360 1025 449 1104 quasi
481 1024 518 1086 de
552 1025 629 1086 escis
657 1023 830 1106 simpliciter
861 1023 991 1102 egisset,
1024 1030 1213 1103 acceperunt.
1263 1021 1380 1085 ¹David
1412 1043 1483 1087 vero

359 1129 470 1190 horum
493 1129 578 1191 trium
602 1127 805 1190 mandatorum
829 1144 951 1188 sensum
982 1127 1163 1206 spirituatem
1187 1128 1427 1207 comprehendit,
1456 1133 1485 1190 et

360 1232 403 1292 ait
427 1232 575 1294 similiter:
599 1229 736 1294 ²teatos
756 1233 823 1308 air,
848 1231 902 1310 qai
922 1247 986 1292 raon
1003 1228 1081 1292 abiit
1099 1230 1132 1289 in
1150 1231 1288 1293 concilio
1308 1232 1484 1310 impioram,

359 1336 439 1397 sient
454 1336 473 1397 ii
489 1338 588 1417 pisces
612 1337 759 1399 ambulant
779 1336 808 1397 in
828 1335 961 1397 tenebris
983 1352 1017 1395 ac
1032 1334 1122 1395 maris
1143 1333 1308 1414 proiund0;
1332 1343 1362 1396 ct
1381 1335 1414 1395 in
1433 1335 1487 1397 oia

356 1449 558 1518 peccatoram
578 1458 642 1502 nora
664 1442 764 1516 stetit,
796 1441 873 1501 sicut
895 1440 931 1517 ii,
965 1439 1013 1519 qui
1036 1438 1174 1500 videntur
1196 1439 1300 1500 timere
1317 1438 1483 1515 Dominum,

361 1548 393 1604 et
416 1543 506 1604 veluti
529 1561 580 1606 sus
604 1550 745 1625 peccant,·
769 1553 798 1605 et
818 1545 851 1604 ira
868 1542 1020 1605 cathedra
1036 1543 1285 1620 pestilentiorem
1306 1562 1371 1605 ooo
1393 1542 1484 1619 sedit,

360 1647 611 1727 quemadmodum
634 1665 724 1725 aves,
755 1666 831 1728 quae
855 1646 891 1708 ad
914 1647 1046 1727 rapinam
1069 1646 1183 1708 sedent.
1230 1643 1381 1708 ³Habetis
1404 1662 1485 1707 nunc

362 1759 394 1813 et
425 1768 532 1813 sensus
563 1752 722 1832 spiritualis
753 1753 870 1835 plenam
901 1752 1113 1834 cognitionem.
1159 1745 1226 1813 *Αἱ
1258 1748 1360 1811 Moses
1391 1766 1484 1829 porro

360 1853 453 1916 dixit:
485 1852 741 1918 “manducabitis
773 1872 861 1917 omne
892 1857 1017 1936 bifidam
1040 1874 1079 1916 ac
1099 1858 1272 1917 ruminans.
1317 1854 1394 1928 Quid
1418 1854 1483 1917 ait?

361 1955 553 2022 ‘flumineos
577 1967 621 2022 est
644 1962 687 2038 is,
714 1962 764 2040 qui
789 1966 910 2041 accepta
934 1977 1004 2021 esca
1027 1960 1158 2019 meminit
1180 1958 1354 2034 nutrientis,
1377 1963 1406 2018 et
1428 1974 1483 2019 sa-

360 2064 450 2125 tiatos
471 2063 508 2124 de
529 2080 566 2125 eo
591 2059 769 2146 [inaniore]
794 2063 920 2124 laetatus
940 2062 1128 2144 conspicitur.
1172 2061 1266 2124 Recte
1284 2062 1356 2124 dixit
1371 2063 1482 2142 Moses,

359 2167 530 2247 respiciens
561 2167 597 2227 ad
625 2165 799 2228 mandatum.
845 2166 921 2240 Ouid
945 2183 1021 2249 ergo
1045 2165 1109 2226 ait?
1152 2164 1381 2229 Adhaerendum
1413 2184 1483 2228 esse

359 2269 400 2331 ad
421 2285 494 2347 eos,
526 2271 574 2350 qm
601 2271 702 2332 timent
725 2270 896 2349 Dominum,
928 2271 1030 2350 quiin
1055 2268 1147 2331 corde
1176 2267 1368 2346 meditantur,
1401 2270 1482 2351 qnod

359 2381 542 2454 acceperunt
566 2369 791 2456 ⁷proeeeptum,
816 2375 865 2456 qui
887 2375 1050 2455 loquuntur
1067 2392 1102 2436 ae
1124 2378 1245 2435 servani
1266 2373 1397 2444 mandrita
1415 2375 1484 2434 Do-

360 2478 448 2556 mini,
481 2479 531 2558 qni
554 2480 667 2556 sciunt,
701 2480 920 2541 meditationem
944 2494 1019 2560 opos
1043 2496 1112 2540 esse
1139 2478 1284 2554 laetitiae,
1315 2482 1343 2537 et
1367 2476 1483 2538 Domini

361 2596 533 2642 sermonem
555 2584 711 2644 ruminant.
749 2577 849 2656 ⁸0um
864 2599 938 2644 vero
954 2582 1010 2644 sibi
1027 2582 1089 2645 vnit
1104 2581 1248 2643 bifidum?
1283 2581 1368 2654 Quod
1385 2583 1484 2662 justus

361 2684 391 2746 in
416 2684 473 2746 hoe
496 2685 604 2746 mondo
627 2687 762 2765 ambulat,
787 2696 817 2750 et
838 2693 971 2750 sanetum
995 2694 1151 2767 exspectat
1173 2687 1332 2749 saeculam.
1369 2685 1483 2762 Videte,

361 2805 450 2867 qnam
469 2788 572 2868 pulcre
588 2792 720 2852 sanxerit
736 2792 843 2853 Moses.
882 2789 941 2854 Sed
960 2790 1104 2853 undenam
1121 2785 1210 2868 ⁹iliis,
1226 2791 1301 2851 haee
1317 2789 1484 2870 intelligere

361 2908 397 2950 ac
420 2891 701 2972 comprehendere?
737 2895 800 2957 Nos
823 2912 897 2955 vero
917 2895 999 2976 juste
1017 2893 1150 2956 mandata
1167 2895 1366 2976 intelligentes
1382 2892 1482 2973 loqui·

359 3010 442 3073 mur,
474 2997 624 3076 quomodo
647 2996 789 3062 Dominus
819 3001 884 3061 istis
907 3000 1075 3080 praeceptis
1098 2998 1153 3060 sibi
1177 2998 1277 3059 voluit.
1323 2997 1482 3077 Propterea

360 3101 438 3160 enim
463 3118 550 3162 aures
570 3109 688 3164 nostras
707 3110 737 3164 et
754 3103 843 3165 corda
861 3104 1053 3181 circumcidit,
1076 3110 1107 3164 ut
1130 3103 1185 3164 ista
1207 3101 1480 3165 animadvertamus.

311 3340 312 3345 ,
357 3289 407 3352 XL
428 3253 429 3257 Ἰ
451 3289 642 3371 Baptismom
665 3302 695 3355 et
716 3313 838 3356 cracem
853 3294 940 3357 Deos
957 3296 1029 3373 jorn
1051 3294 1085 3354 ira
1105 3292 1134 3355 V.
1155 3293 1187 3354 T.
1202 3292 1480 3371 praemonstravit.

445 3412 627 3485 Quaeramus
651 3433 744 3492 vero,¹
763 3435 801 3479 an
824 3416 953 3478 Domino
976 3433 1066 3477 curae
1090 3414 1197 3493 suerit,
1221 3431 1416 3495 praemonere
1443 3412 1481 3473 de

356 3528 432 3594 aqua
450 3515 532 3577 etde
549 3533 647 3579 cruce.
685 3519 721 3580 Et
741 3519 858 3600 quidem
883 3521 921 3582 de
944 3538 1019 3600 aqua
1044 3519 1185 3601 scriptum
1207 3520 1301 3580 estin
1321 3517 1479 3594 heraclitas,

356 3637 416 3698 quo
435 3619 525 3681 modo
544 3621 726 3701 baptismum,
750 3625 800 3704 qui
828 3621 852 3660 ¹⁰
864 3624 950 3686 aiiert
970 3632 1160 3705 peccatorum
1178 3623 1395 3701 remissionem,
1419 3639 1479 3684 non

353 3723 414 3783 sint
434 3726 594 3804 recepturi,
617 3726 670 3787 sed
694 3727 781 3789 alium
801 3730 857 3790 sibi
883 3728 906 3766 ¹¹
921 3729 1060 3809 paraturi.
1100 3728 1176 3789 Dicit
1198 3729 1297 3806 itaque
1317 3725 1479 3807 propheta:

353 3839 413 3889 dam
443 3848 482 3892 est
511 3858 524 3892 o
555 3839 734 3908 diancr'ttopm,
765 3849 906 3915 imperare,
971 3848 1015 3910 11)
1034 3847 1089 3898 Non
1099 3861 1231 3896 necessum
1241 3861 1298 3896 esse
1308 3853 1377 3912 puto,
1387 3853 1414 3895 ot
1424 3860 1480 3895 cum

349 3928 516 3994 praecipere.
875 3940 878 3946 '
934 3933 1022 3983 Vossio
1042 3941 1068 3983 et
1080 3931 1160 3983 Cotei.
1179 3945 1331 3999 reponamus
1350 3927 1481 3992 οἷκονομὴ-

387 4013 417 4075 8)
439 4017 519 4068 Olem.
539 4018 613 4071 Aiax.
632 4016 743 4086 Paedag.
762 4017 778 4068 i.
799 4033 822 4068 c.
933 4036 1012 4081 novom
1031 4035 1088 4070 nam
1107 4021 1141 4083 τῷ
1167 4015 1306 4078 οἶκόδομεῒν
1324 4016 1482 4068 {restituendi

387 4100 417 4162 9)
437 4098 455 4152 1·
475 4116 498 4151 ο.
518 4104 640 4157 dalreis.
933 4104 974 4156 vei
982 4108 1097 4172 faciendi
1108 4107 1147 4155 vis
1159 4106 1244 4155 inesse
1253 4111 1347 4171 potest,
1361 4101 1434 4149 ducta
1448 4097 1480 4147 ab

369 4184 416 4250 10)
437 4185 557 4253 Εῖσφίρον
574 4185 669 4250 ἄφεσιν,
694 4194 815 4241 Mensae.
852 4189 902 4242 cn.
932 4181 1055 4242 aedificiis
1077 4190 1233 4258 metaphora.
1271 4195 1363 4241 Divis.
1399 4181 1480 4232 luici-

346 4287 419 4341 quae
440 4270 470 4322 ad
489 4272 556 4324 hune
568 4273 652 4324 iocum
665 4277 761 4326 monuit
775 4280 902 4342 araneae,
931 4278 985 4345 tigit
1003 4276 1131 4328 Barnabas
1149 4277 1238 4327 erebra
1263 4284 1288 4326 et
1306 4267 1485 4337 superstitiosa·

346 4359 363 4412 Ι.
387 4373 410 4408 c.
431 4373 457 4424 p.
476 4358 567 4430 atrsq.
633 4385 637 4394 ·
730 4397 738 4427 ,-
930 4362 1084 4417 Judaeorum
1102 4362 1262 4433 baptismata.
1298 4361 1418 4408 menneo.
