3659 5209
334 536 435 625 cxxvr
769 561 1025 652 rnotsoonsnu.
1292 558 1470 633 [semrom

335 733 372 794 de
382 731 554 808 doctrine,
575 735 671 809 proed
685 727 724 790 ab
742 727 795 803 iis,
821 725 875 806 pui
894 724 1026 787 Verbum
1041 724 1125 786 vitae
1141 726 1204 804 ipsi
1220 736 1470 808 conspexerunt,

333 838 530 919 Polycarpus
563 840 754 915 acceperut,
784 831 890 893 eodem
923 849 1058 908 prorsus
1089 831 1182 893 modo
1217 831 1404 912 referebat,
1440 834 1470 896 is

335 940 476 1004 omuibus
500 960 568 1003 cum
583 939 750 1018 Scriptura
772 954 868 998 sacru
893 935 1100 999 consentiens.
1140 936 1292 999 Hactenus
1313 936 1470 1018 irenaeus,

336 1047 386 1129 qui
416 1052 446 1109 et
479 1044 547 1107 aiibi
578 1044 742 1106 summatim
772 1041 801 1102 in
834 1039 960 1101 eandem
993 1041 1168 1102 sententiam
1203 1040 1277 1103 haec
1310 1041 1409 1104 tradit
1425 1039 1469 1127 ¹):

302 1203 303 1206 ,
334 1150 398 1213 Sed
419 1159 449 1212 et
469 1150 662 1232 Polycarpus
775 1164 864 1226 quem
893 1163 954 1208 uos
981 1163 1102 1225 quoque
1124 1146 1228 1207 odtuc
1247 1145 1469 1209 adolescentes

333 1255 467 1319 vidimus
493 1255 592 1329 (uiuit
613 1254 694 1316 enim
716 1251 901 1328 diutissime,
925 1257 955 1312 et
976 1251 1010 1311 iu
1028 1251 1136 1313 ultimo
1156 1258 1325 1327 senectute,
1350 1271 1470 1314 summo

334 1376 402 1420 cum
423 1360 527 1439 plotio
551 1359 674 1418 illustre
693 1374 863 1436 perpessus
888 1355 1081 1435 martyrium,
1106 1357 1243 1417 excessit
1264 1375 1281 1417 e
1305 1357 1410 1434 eila),
1437 1376 1469 1419 eo

332 1468 453 1541 semper
476 1463 593 1539 docuit,
620 1480 699 1542 quoe
722 1459 760 1522 ab
777 1458 941 1539 Apostotis
957 1460 1124 1537 didicerat,
1149 1471 1178 1524 et
1198 1480 1279 1542 quoe
1299 1461 1468 1528 etiamnum

334 1568 435 1628 tradit
458 1566 614 1643 Ecclesia,
639 1574 668 1628 et
690 1584 769 1646 puae
791 1566 863 1628 solu
888 1572 964 1626 suut
985 1568 1096 1627 oero.“
1207 1595 1213 1618 r

348 1658 356 1663 ⁵
425 1670 495 1750 ,His
527 1677 623 1732 antem
654 1658 815 1747 enarratiS,
846 1671 1009 1750 paucisque
1036 1670 1214 1752 interjectis,
1246 1671 1320 1734 illud
1347 1692 1467 1755 quoqne

333 1776 429 1840 reiect
464 1776 492 1840 S.
526 1775 630 1854 Pater,
666 1782 829 1837 memoratu
865 1775 996 1856 dignum.
1041 1774 1113 1852 lpse
1146 1775 1227 1835 euim
1257 1775 1464 1858 Polycarpum,

335 1881 444 1961 inquit,
477 1899 568 1961 quum
599 1880 628 1940 ei
661 1880 834 1961 uliquoudo
857 1878 1001 1940 Marcion
1033 1881 1224 1942 occurrisset
1253 1881 1468 1965 dixissetque,
1505 1943 1507 1972 ;

335 1979 521 2066 ἕπιγίνωσκε
542 1973 642 2064 r‘pcic·
671 1985 852 2064 respoudit,
881 1975 1075 2067 e’moycmiuuot
1099 1975 1154 2045 τόν
1175 1976 1391 2069 πρωιὰιοκον
1412 1991 1465 2051 τοῦ
1505 1989 1506 2006 ’

335 2090 482 2152 cosmed
648 2152 654 2166 ,

382 2263 384 2267 ,
422 2195 502 2256 Haeo
522 2194 633 2257 Romae
654 2194 771 2257 fiebant.
817 2192 969 2257 Antonino
994 2195 1072 2257 enim
1096 2194 1259 2275 imperante
1282 2204 1314 2260 et
1337 2199 1461 2264 Aniceto

335 2296 492 2361 ecclesiam
522 2299 710 2381 gubernante
740 2299 769 2362 S.
797 2299 979 2380 Polycarpus
1001 2299 1123 2362 Romam
1155 2306 1201 2362 est
1229 2301 1406 2385 proiectus,
1435 2312 1462 2368 ut

335 2405 471 2469 diversas
505 2402 544 2466 de
575 2405 755 2466 celebrando
788 2404 928 2485 paschate
962 2405 1119 2496 opiniones
1151 2417 1360 2487 componeret.
1409 2411 1461 2475 Sed

333 2516 441 2570 neuter
471 2509 573 2587 atteri,
603 2517 680 2571 uta
713 2527 797 2570 more
829 2526 884 2569 suo
918 2508 1105 2588 discederet,
1139 2511 1327 2591 persuadere
1363 2507 1462 2598 potuit.

333 2614 365 2676 ln
397 2633 469 2694 pace
498 2614 603 2695 igitur,
633 2616 752 2682 vinculo
783 2613 938 2687 charitatis
962 2614 1088 2675 minime
1108 2622 1213 2696 rupto,
1237 2616 1461 2704 Polycarpnsa

333 2717 362 2782 S.
379 2716 510 2780 'Aniceto
535 2719 682 2795 discessit,
697 2725 862 2799 ,postquam
885 2737 945 2781 nou
970 2737 1092 2800 paucos,
1116 2721 1243 2784 desertis
1259 2724 1414 2790 Valentini
1436 2735 1461 2790 et

333 2821 494 2884 Marcionis
517 2823 681 2898 erroribus,
705 2823 741 2884 ad
766 2822 923 2885 eeclesiam
946 2822 1118 2886 reduxerat.

419 2926 544 2987 Mortem
560 2925 588 2986 S.
606 2917 759 3007 polycarpi
783 2934 847 2989 acta
872 2930 1003 3011 martyrii
1026 2931 1092 3012 eJ‘us
1113 2931 1199 2993 nobis
1217 2925 1347 3014 tradpn't.
1399 2939 1461 3012 Ouo

333 3034 429 3091 antem
453 3048 531 3092 annno
556 3030 675 3111 praesui
698 3033 826 3112 optimus
851 3052 868 3095 e
891 3035 950 3096 vita
973 3034 1164 3114 discesserit,
1196 3038 1273 3098 inter
1302 3022 1462 3104 doctoset

332 3153 432 3196 rernm
455 3134 736 3216 chronologicarum
761 3140 918 3219 tnagistros
942 3139 1114 3222 disputatur.
1161 3143 1360 3224 Polycarpum
1386 3165 1461 3211 anno

335 3236 396 3301 tlt
420 3228 538 3320 passum
563 3257 632 3301 esse
655 3240 717 3302 vult
738 3241 946 3323 Pecrsouius,
975 3265 1062 3326 quem
1086 3254 1250 3328 sequnntur
1274 3249 1460 3330 uouweum,

333 3343 467 3420 Canens,
498 3342 668 3406 Lardnerus
697 3353 726 3408 et
749 3347 979 3435 Gaiiandins²J.
1025 3351 1193 3414 Secundum
1217 3352 1407 3420 Baraterium
1434 3364 1461 3420 et

333 3448 510 3512 Stiereninm
524 3445 556 3528 ³)
580 3449 735 3532 Polycarpi
757 3456 929 3536 mmty'rium
952 3453 1060 3517 referri
1083 3455 1171 3516 debet
1188 3457 1224 3517 ad
1245 3469 1357 3521 aurnum
1386 3461 1459 3538 1613

328 3554 413 3633 juxta
430 3551 580 3613 Norisium
597 3559 625 3614 et
643 3555 857 3621 Tiitemontium
872 3559 915 3621 ad
932 3578 1040 3621 anunm
1059 3557 1119 3624 166
1129 3581 1138 3636 ;
1158 3562 1242 3643 juxta
1259 3564 1459 3648 scaligerum,

332 3655 497 3734 Vatesinm,
529 3655 714 3722 Gieseterum
745 3669 775 3723 et
796 3663 968 3726 Neandrum
1000 3664 1037 3726 ad
1066 3684 1173 3728 annum
1203 3664 1280 3744 1673
1312 3650 1459 3736 Batonius

348 3790 396 3859 Ἰ]
416 3791 481 3842 Adi.
501 3791 569 3845 haer.
589 3791 666 3860 ttt‚3
694 3798 759 3865 apud
779 3801 879 3856 lineet.
907 3803 1027 3868 martyrio
1054 3818 1110 3854 esse
1135 3813 1297 3870 coronatum,
1324 3799 1458 3876 quia'En·

330 3878 392 3930 Hist.
412 3876 474 3934 eccl.
494 3877 535 3943 tV,
556 3880 596 3931 14.
907 3889 993 3939 sebius
1007 3888 1081 3953 (ltist.
1096 3890 1158 3941 eccl.
1172 3888 1213 3955 tt,
1228 3891 1272 3956 15)
1285 3899 1459 3949 narrationem

366 3965 394 4027 2)
415 3959 879 4025 unitioni.veterumuurum.'t.1.
907 3975 939 4025 de
963 3978 1082 4042 martyrio
1101 3974 1234 4044 Polycarpi
1257 3995 1313 4031 cnuu
1336 3982 1391 4035 fine
1413 4001 1457 4036 cu-

330 4049 430 4119 Proieg.
449 4069 474 4120 p.
494 4052 538 4105 XC
556 4072 594 4123 sq.
907 4064 964 4128 pitis
985 4062 1016 4111 14
1035 4065 1174 4115 arctissime
1194 4062 1341 4133 conjungit„
1362 4072 1457 4122 ubido

365 4137 394 4203 3)
414 4143 563 4195 Stierenius
582 4142 660 4208 (uber
679 4143 724 4193 das
739 4142 880 4210 Todesjahr
907 4158 988 4199 morte
1007 4150 1127 4201 Antonini
1145 4149 1181 4201 Pii
1206 4159 1232 4202 et
1257 4152 1288 4203 ds
1312 4156 1389 4208 initio
1409 4161 1456 4209 im·

328 4221 431 4276 dnstin's
444 4226 467 4278 d.
480 4227 550 4279 Mart.
564 4231 588 4278 in
601 4231 706 4296 ltlpeuir'
717 4228 879 4294 „Zeitschmit
906 4237 971 4302 perii
986 4236 1061 4287 Marci
1074 4236 1169 4288 Aurelii
1182 4236 1259 4297 uerba
1272 4237 1383 4294 iecerat.
1407 4242 1456 4296 cu.

331 4309 434 4362 turtio
458 4313 515 4364 hist.
535 4312 641 4364 theom
668 4314 741 4368 1812.
766 4316 839 4371 Fuso.
858 4320 877 4371 1.
901 4320 1032 4390 ΔΤῑὼίηςεπ
1055 4323 1133 4375 theol.
1160 4323 1354 4389 Quadatschriit
1382 4325 1456 4386 1843.

330 4411 355 4476 p.
370 4397 415 4476 34)
433 4399 546 4476 conjicit,
563 4397 730 4476 Polycarpum
745 4419 810 4458 anuo
828 4407 875 4461 161
903 4425 930 4483 p.
949 4408 1008 4463 tlt.
