3659 5209
425 535 490 600 352
603 528 742 587 manu
760 527 895 583 aneton.
933 527 1029 581 LIBER
1047 527 1077 581 11.
1114 527 1378 582 MANDAT.‘1V.V.

427 692 507 779 dies,
526 693 623 774 posuit
638 692 782 756 Dominus
797 688 1190 773 poenitentiam3.qu0niam
1206 692 1415 774 cogitationes
1433 687 1553 754 omnium

421 778 671 881 praecordiorum
702 798 786 860 novit
816 798 915 875 Deus,
948 803 978 858 et
1009 797 1066 858 scit
1095 797 1294 859 infirmitatem
1326 798 1499 875 hominum,
1529 801 1555 861 et

428 904 615 984 multiplicem
640 904 798 983 nequitiam
822 901 941 979 diaboli,
965 920 1021 982 qua
1045 903 1164 965 molitur
1186 902 1300 983 aliquid
1326 887 1554 967 sinistri'serm's

428 1009 493 1087 Dei,
518 1015 547 1071 et
570 1010 699 1091 maligne
722 1006 875 1069 insidiatur
899 1006 965 1067 illis.
997 1006 1169 1073 Misericors
1181 1007 1265 1089 ‘ergo
1282 1003 1439 1071 Dominus
1455 1009 1554 1069 miser·

429 1118 478 1176 tus
499 1119 545 1174 est
567 1112 698 1195 figmenti
722 1113 778 1190 sui,
802 1118 832 1173 et
854 1113 954 1192 posuit
976 1113 1189 1192 poenitentiam
1212 1113 1310 1191 istam,
1336 1120 1369 1176 et
1385 1120 1555 1195 potestatem

428 1210 636 1300 poenitentiae
663 1217 751 1298 hujus
783 1217 851 1278 mitri
882 1215 971 1279 dedit.
1017 1216 1053 1279 Et
1084 1217 1152 1280 ideo
1181 1216 1250 1280 dico
1280 1217 1354 1296 tibi,
1390 1217 1474 1299 quod
1497 1224 1556 1300 post

434 1320 645 1386 ¹vocationem
668 1323 745 1385 iliam
762 1340 904 1404 magnam
929 1327 958 1383 et
980 1329 1121 1400 sanctam,
1144 1323 1170 1385 si
1194 1323 1260 1403 quis
1285 1328 1427 1386 tentatus
1445 1323 1556 1384 suerita

430 1426 548 1490 diabolo
572 1434 602 1490 et
626 1425 803 1510 peccaverit,
827 1445 913 1505 unam
937 1427 1149 1508 poenitentiam
1172 1413 1268 1490 habet.
1303 1426 1335 1490 Si
1361 1433 1466 1491 autem
1489 1429 1557 1491 sub·

431 1532 500 1596 inde
529 1535 648 1615 peccet,
681 1540 711 1596 et
742 1532 952 1613 poenitentiam
976 1532 1052 1613 agit,
1085 1529 1174 1594 ²non
1197 1531 1336 1613 proderit
1360 1532 1477 1596 homini
1500 1534 1557 1594 talia

425 1639 550 1719 agenti3
575 1637 694 1698 difficile
717 1638 795 1698 enim
819 1637 901 1699 vivet
915 1635 1010 1699 Deo.“
1042 1635 1079 1699 Et
1095 1655 1153 1719 ego
1170 1636 1247 1698 dixi:
1274 1636 1435 1717 „domine
1460 1639 1556 1716 revixi,

420 1744 482 1811 tubi
512 1750 569 1805 tam
593 1742 752 1824 diligenter
772 1741 873 1804 audivi
896 1742 971 1803 haec
994 1741 1136 1804 mandata.
1182 1742 1251 1805 Scio
1276 1744 1379 1821 enim,
1413 1744 1441 1805 si
1464 1749 1555 1824 postea

428 1848 504 1910 nihil
533 1845 673 1928 adjecero
703 1846 834 1928 peccatis
867 1848 958 1927 meis,
989 1848 1089 1910 salvus
1120 1848 1223 1910 ero.“'
1249 1847 1288 1909 Et
1312 1849 1409 1911 dixit:
1446 1849 1554 1928 ,salvus

433 1955 509 2033 eris,
533 1953 651 2034 inquam
662 1973 671 2029 3
695 1958 724 2014 et
747 1967 860 2031 omnes,
884 1953 1062 2034 quicumque
1079 1953 1205 2017 iecerint
1221 1953 1299 2015 haec
1314 1954 1470 2034 mandata,
1492 1953 1555 2015 salvi

434 2057 552 2120 erunt.“
642 2108 648 2115 .
932 2070 934 2075 ·
997 2064 1004 2073 “
1041 2134 1055 2157 .
1173 2066 1175 2071 ’

433 2192 437 2198 ·
520 2164 566 2226 Ν.
610 2163 647 2226 Et
673 2163 869 2226 iterumdixi
891 2162 949 2224 illi:
984 2161 1139 2242 ,domine,
1170 2162 1325 2243 quoniam
1343 2165 1498 2246 patienter
1518 2182 1554 2224 me

435 2265 528 2349 nudis,
552 2272 639 2332 etiam
661 2269 720 2331 hoc
741 2269 811 2331 mihi
834 2267 1034 2329 demonstra.‘“
1068 2259 1179 2347 '„Dic,“
1204 2268 1308 2347 inquit.
1334 2269 1390 2330 .Et
1416 2268 1494 2331 dixi:
1519 2268 1555 2346 ,si

435 2377 481 2438 vir
511 2375 560 2438 vel
590 2375 694 2437 mulier
724 2373 849 2453 alicujus
878 2370 1060 2452 decesserit,
1090 2379 1120 2434 et
1143 2373 1278 2453 nupserit
1301 2366 1416 2454 aiiquis
1440 2373 1554 2450 illomm,

435 2480 575 2561 numquid
598 2480 746 2561 peccat?“
770 2474 901 2556 '³„Qui
924 2479 1024 2557 nubit,
1048 2496 1107 2539 non
1130 2461 1269 2559 peccat,“
1296 2479 1398 2558 inquit
1407 2488 1430 2555 ς·
1445 2478 1516 2559 „sed
1536 2478 1554 2538 si

436 2603 547 2667 perse
570 2586 725 2662 manserit,
757 2601 896 2664 magnum
926 2583 981 2645 sibi
1012 2583 1160 2663 conquirit
1181 2582 1326 2645 honorem
1353 2584 1437 2665 apud
1462 2584 1553 2646 Domi-

414 2709 514 2754 num.
549 2691 741 2770 Serva'crgo
765 2690 929 2751 castitatem
953 2695 983 2748 et
1025 2685 1184 2766 udicitiam,
1208 2688 1341 2750 etvivcs
1359 2682 1438 2753 Deo.
1477 2689 1554 2763 Haec,

432 2806 513 2876 quae
536 2785 635 2858 tecum
656 2794 764 2874 loquor
788 2799 818 2856 et
839 2791 947 2855 mando
970 2792 1172 2869 tibi,·oustodi
1191 2780 1352 2875 deinceps,
1378 2813 1421 2857 ex
1440 2813 1500 2876 quo
1514 2793 1555 2855 titi

435 2900 557 2964 traditus
582 2919 665 2978 sum,
690 2905 720 2960 et
742 2900 771 2962 in
792 2898 882 2961 domo
907 2906 955 2960 tua
978 2883 1103 2973 habit03¹
1122 2903 1150 2960 et
1173 2898 1322 2978 prioribus
1342 2900 1487 2981 peccatis
1510 2898 1555 2960 tuis

435 3009 492 3070 erit
516 3008 663 3083 remissio,
687 3005 713 3066 si
735 3005 810 3068 haec
833 3003 969 3067 mandata
992 3021 1058 3064 mea
1073 3000 1261 3065 custodieris.
1293 3002 1358 3067 Sed
1383 3010 1413 3066 et
1431 3005 1554 3068 omnibus

437 3113 495 3174 erit
513 3111 669 3189 remissio,
694 3111 749 3190 qui
766 3110 900 3174 mandata
924 3128 989 3171 mea
1012 3108 1237 3172 custodierint.“

633 3339 642 3346 ·
762 3417 765 3421 ,
876 3317 1063 3449 Mandatum
1088 3317 1129 3449 v'„
1221 3435 1237 3446 ..

711 3497 763 3558 De
783 3497 914 3558 tristitia
937 3495 1046 3558 cordis
1070 3503 1099 3558 et
1118 3495 1283 3576 patientia.

434 3644 437 3649 “
483 3627 668 3702 4(ὒύλοισσε
712 3629 765 3722 τὴν.
806 3628 894 3699 civico
933 3633 986 3700 act
1055 3638 1076 3699 l.
1118 3632 1374 3714 ⁴„Aequanimis
1387 3632 1419 3712 ,“
1468 3631 1561 3713 inquit,

439 3738 660 3830 μακροθυμίαν
679 3738 734 3805 καὶ
748 3733 985 3825 macerrimam,
1015 3747 1104 3820 „esto
1132 3744 1162 3801 et
1194 3737 1332 3832 patiens3
1371 3744 1405 3800 et
1442 3738 1562 3801 omnium

443 3961 496 4004 est:
524 3954 554 4003 iis
569 3957 669 4013 autem,
697 3950 740 4018 qui
760 3958 823 4018 poet
839 3949 991 4016 baptismum
1052 3948 1080 4013 3)
1105 3944 1157 3997 cn.
1181 3948 1258 4015 iniq,
1284 3944 1302 3995 1.
1329 3933 1492 4011 c.'p.'174.
1532 3940 1564 3992 iia

442 4040 468 4090 in
495 4047 600 4107 peccata
625 4043 681 4097 suut
706 4035 819 4103 delapsi,
848 4032 991 4087 misericors
1018 4036 1110 4102 nuptiis
1122 4032 1243 4091 secundis
1257 4031 1302 4111 cir.
1317 4032 1465 4111 denserier,
1482 4029 1564 4082 licui·

444 4123 513 4177 Deus
531 4124 714 4192 poenitentiam
733 4124 867 4175 concessit.
1018 4121 1100 4174 wdrd.
1119 4120 1146 4172 T.
1165 4119 1206 4170 Vl.
1226 4117 1254 4170 P.
1272 4117 1292 4168 1.
1312 4135 1338 4186 p.
1360 4117 1425 4185 35⁴,
1447 4119 1505 4172 371.

481 4211 842 4279 cremonensium.
986 4239 988 4243 -
1052 4210 1082 4277 4)
1108 4207 1205 4260 Graeca
1237 4208 1344 4257 ''exstant
1379 4205 1408 4256 in
1446 4207 1568 4260 Doctrina

480 4300 508 4364 2)
528 4297 545 4349 i.
560 4315 584 4350 e.
602 4314 652 4350 non
671 4300 696 4350 in
716 4298 851 4350 ecclesiam
871 4299 992 4349 estreci·
1019 4287 1256 4350 «adnomen-ne·
1283 4288 1567 4346 ’Arlfflsollicitudo

445 4386 565 4455 piendus,
581 4395 609 4438 et
625 4387 669 4439 vix
686 4385 794 4439 satutem
812 4376 991 4454 consequetur.
1019 4381 1076 4435 diss.
1096 4390 1124 4434 ct
1137 4379 1206 4433 Editi
1223 4378 1305 4432 male:
1324 4374 1418 4467 duem.

1595 1448 1602 1843 i
