3659 5209
340 594 343 603 .
433 543 533 618 xcvnr
872 522 1125 592 rnoraoounni.
1425 537 1560 606 [rnsror

302 708 304 712 '
347 767 350 772 4
436 705 510 768 bere
534 702 651 767 ridetur
679 701 718 764 ita
740 698 891 764 scribens:
926 699 1010 762 Bene
1039 720 1112 779 erpo
1142 700 1363 780 pronuntiavit
1386 699 1560 780 Scriptura,

387 827 389 830 ⁴
437 829 516 890 quoe
532 808 627 871 dicit:
653 806 771 886 „primo
789 806 924 867 omnium
940 806 1041 879 crede,
1066 808 1213 884 qnoniam
1228 826 1309 869 onos
1325 807 1498 869 estDeus“
1516 814 1561 870 etc.

438 907 476 977 ex
506 911 601 977 bland.
625 912 645 973 l.
691 910 754 973 Nisi
787 910 863 971 enim
895 910 1061 992 benacus,⁴
1088 909 1187 991 aiunt,
1219 917 1332 991 patrem
1367 911 1561 993 apostolicum

246 1006 257 1015 ⁸
364 1095 367 1102 A
436 1017 567 1080 Pastoris
598 1023 750 1079 auctorem
780 1020 929 1095 putasset,
960 1015 1067 1077 librum
1099 1015 1182 1078 titulo
1204 1016 1391 1096 Scriptnrae
1426 1034 1493 1080 non
1523 1017 1561 1078 in-

437 1123 596 1206 signisset,
643 1121 822 1182 Clementem
847 1137 968 1199 quoque
988 1119 1220 1182 Alexandrinum
1243 1116 1374 1204 (strom.
1398 1119 1454 1181 lib.
1477 1120 1499 1200 1,
1524 1118 1560 1184 ll.

437 1225 489 1292 29.
513 1225 619 1304 libii,
646 1221 671 1286 1.
696 1209 744 1286 lib.
768 1223 817 1301 Vl,
845 1220 903 1306 15)
928 1224 966 1285 ita
989 1223 1096 1286 librum
1117 1224 1246 1288 Pastoris
1269 1225 1412 1287 laudasse
1439 1232 1560 1303 monent

438 1338 470 1394 ul
493 1350 560 1393 eum
585 1330 750 1410 apostolico
772 1329 899 1390 Hermae
930 1329 1068 1391 tribuisse
1090 1309 1243 1392 rideatur.
1288 1330 1357 1392 Non
1390 1337 1462 1409 est,
1495 1329 1561 1411 quod

437 1435 467 1498 id
491 1452 636 1516 negemus
644 1455 653 1511 ;
686 1431 740 1495 sed
764 1431 882 1510 utrique
906 1430 983 1493 Patri
1006 1450 1109 1494 verum
1133 1434 1199 1495 libri
1225 1434 1405 1516 scriptorem
1440 1435 1560 1518 ignotum

439 1540 533 1603 luisse
556 1536 770 1602 contendimus.
816 1536 858 1598 Pii
881 1537 958 1598 enim
982 1536 1074 1609 irater
1103 1555 1163 1601 non
1193 1546 1313 1620 aperte,
1343 1544 1379 1600 ut
1410 1541 1560 1617 credimus,

269 1652 272 1659 '
325 1726 333 1733 ¹
439 1662 473 1707 se
484 1650 649 1706 auctorem
672 1641 738 1703 libri
762 1640 918 1722 professus
942 1648 995 1704 est.

526 1746 567 1832 d]
591 1746 649 1812 Sed
665 1747 768 1810 Frater
784 1748 825 1808 Pii
846 1767 905 1810 non
922 1747 1066 1825 Hermos,
1090 1746 1144 1809 sed
1165 1748 1299 1810 Hermes·
1315 1750 1500 1813 vocabatur.
1537 1749 1558 1810 b

330 1870 335 1884 ·
439 1855 528 1937 bujus
544 1852 741 1918 testimonium
758 1851 863 1915 librum
879 1839 1079 1915 Pontificalem
1096 1852 1124 1936 ¹)
1141 1862 1170 1916 et
1188 1854 1318 1936 spuriam
1334 1857 1493 1936 quandam
1508 1856 1559 1938 epi-

440 1960 549 2024 stolam
573 1958 613 2019 Pii
633 1957 644 2018 l
667 1958 825 2036 adducunt,
849 1959 898 2021 nbi
923 1956 1015 2021 irater
1030 1958 1152 2021 Romani
1175 1958 1252 2021 illius
1275 1959 1429 2040 pontilicis
1447 1961 1559 2024 Hermes

440 2063 615 2146 appellatur.
662 2062 819 2146 catalogus
850 2081 924 2126 vcro
956 2063 1029 2142 iste,
1061 2082 1118 2126 nec
1148 2082 1209 2127 non
1239 2063 1367 2144 epistola
1400 2066 1455 2128 illa
1476 2065 1560 2146 spuria

442 2170 534 2252 longe
557 2168 677 2231 minoris
700 2175 769 2230 sunt
791 2169 950 2251 ponderis,
981 2186 1068 2250 quam
1091 2168 1301 2250 Fragmentum
1325 2168 1559 2246 Muratorianum

444 2273 524 2355 quod
548 2272 666 2356 iratrem
689 2273 731 2335 Pii
753 2265 1053 2336 Hermamnominat
1069 2270 1111 2356 ²).

532 2377 568 2464 e)
592 2380 727 2460 Denique
743 2380 850 2456 librum
866 2380 946 2441 illum
958 2379 1097 2457 PastoriS,
1114 2371 1201 2458 quem
1218 2376 1308 2439 irater
1322 2377 1366 2439 Pii
1383 2378 1560 2461 conscripsit

359 2505 367 2516 ·
445 2483 483 2547 de
507 2484 647 2565 paschate
671 2484 719 2546 die
743 2483 886 2547 dominica
911 2483 1101 2562 celebrando,
1125 2485 1216 2546 rerba
1236 2483 1345 2545 iecisse
1371 2487 1559 2558 contendunt

388 2643 394 2647 .
443 2590 473 2652 in
497 2596 601 2653 nostro
624 2596 722 2652 autem
745 2589 874 2652 Pastoris
904 2589 982 2650 libro
1013 2588 1100 2675 hujus
1132 2589 1177 2650 rei
1208 2589 1391 2651 mentionem
1425 2609 1490 2655 non
1513 2588 1561 2653 fieri

442 2701 573 2757 monent.
619 2692 679 2758 Sed
701 2686 761 2756 non
784 2693 841 2755 nisi
864 2694 965 2775 spuria
988 2695 1034 2757 illa
1057 2695 1098 2757 Pii
1123 2695 1263 2776 epistola,
1291 2696 1482 2779 spuriusque
1503 2698 1562 2760 liber

399 2826 405 2839 a
444 2799 562 2862 Damasi
586 2798 770 2880 pontificalis,
794 2799 823 2858 in
846 2798 970 2861 Pastore
993 2800 1059 2862 talia
1083 2799 1143 2882 legi
1166 2797 1348 2862 contendunt
1365 2798 1420 2884 ³),
1451 2817 1561 2886 prorsus

445 2903 482 2965 de
506 2923 540 2965 ea
564 2922 598 2965 re
621 2903 774 2964 silentibus
797 2904 923 2984 antiquis
946 2905 1079 2967 Patribus
1087 2927 1096 2982 ;
1129 2923 1188 2985 quo
1219 2903 1267 2983 fit,
1297 2912 1329 2966 ut
1352 2908 1562 2987 posterioribus

444 3009 626 3090 temporibus
649 3007 814 3070 mandatum
839 3009 877 3070 de
900 3010 1042 3073 Pasohate
1066 3010 1114 3072 die
1137 3009 1282 3072 dominica
1311 3009 1518 3094 celebrando,
1537 3010 1562 3073 ab

443 3113 656 3194 interpolatore
680 3111 808 3191 quodam
831 3112 960 3176 additum
983 3114 1076 3202 ¹luisse
1098 3122 1233 3197 putemus
1251 3110 1293 3197 ⁴).

531 3219 563 3280 ll.
596 3218 723 3278 Hermae
738 3216 843 3281 Pastor
865 3219 895 3279 in
918 3213 979 3281 tres
1002 3220 1095 3282 libros
1117 3219 1207 3282 bodie
1226 3218 1338 3281 divisus
1361 3225 1421 3300 est,
1447 3237 1561 3302 quorun

328 3354 331 3356 v
444 3324 556 3406 primus
589 3321 627 3383 lV
662 3316 792 3385 visiones
828 3323 976 3404 continet,
1011 3325 1160 3413 secundus
1193 3323 1246 3384 Xll
1275 3323 1437 3404 mandata,
1476 3325 1563 3388 tertius

447 3492 456 3499 ἢ
480 3514 507 3576 l)
527 3508 578 3563 Cir.
598 3526 674 3577 supra
693 3527 718 3579 p.
738 3510 810 3562 XCV.
1057 3510 1564 3581 11111.11111111111111111111111111

332 3650 335 3661 ,
480 3600 508 3665 2)
528 3597 580 3651 Cir.
599 3614 700 3666 qnoque
724 3597 994 3652 Pseudotcrtulliauum
1022 3578 1202 3667 drfiputarimus
1220 3600 1244 3649 in
1263 3602 1372 3668 dtttiap.
1388 3606 1472 3656 tlrcol.
1485 3608 1564 3670 Qasr·

446 3702 521 3754 supra
541 3702 565 3752 p.
583 3684 669 3738 XClV.
739 3734 741 3741 ,
870 3721 875 3732 ·
1015 3691 1170 3760 'tctacbripb
1198 3684 1272 3737 1839.
1296 3702 1321 3752 p.
1343 3685 1393 3737 169
1415 3705 1475 3758 sqq.
1510 3688 1564 3740 ller-

481 3773 509 3834 3)
537 3775 592 3826 Sub
620 3775 703 3842 bajus
730 3776 883 3845 episcopata
909 3779 996 3844 frater
1022 3789 1078 3824 mac
1097 3772 1229 3840 apostolici
1253 3782 1407 3843 romagnat
1429 3777 1565 3844 praesertin

445 3863 535 3930 ipsius
553 3863 665 3913 Hormos
688 3863 786 3914 librum
810 3864 938 3931 scripsit,
967 3865 996 3914 1’11
1022 3864 1175 3931 Nomius,
1205 3863 1382 3929 qulaodiua,
1413 3866 1564 3936 Lampsaco,

446 3964 495 4018 quo
515 3949 667 4000 mandatnm
691 3950 850 4012 continetur,
879 3950 947 4017 qaod
971 3951 996 4000 oi
1024 3947 1164 4001 Mbbloruc
1189 3945 1294 4014 (Patrol.
1314 3944 1332 3998 l.
1352 3964 1378 4013 p.
1400 3949 1527 4020 97-sqq.)
1548 3955 1566 3998 cl

444 4037 578 4106 paecepit
596 4036 706 4104 ampelon
720 4037 827 4088 1111111111·
833 4071 841 4098 ,
863 4037 908 4103 pul
925 4037 996 4087 venit
1022 4022 1286 4100 dacbmannucp'der
1303 4032 1375 4085 Hirte
1395 4035 1447 4090 dea
1464 4037 1567 4090 Herm

446 4124 481 4175 cd
510 4139 568 4174 oum
603 4125 632 4175 a'n
667 4124 758 4175 babitu
789 4124 930 4185 Pastoris,
967 4131 996 4175 at
1022 4119 1181 4188 lidnigsberg
1196 4120 1270 4171 1835.
1295 4123 1439 4178 sanatam
1450 4124 1566 4178 Pastorem

446 4217 568 4263 1111111111
587 4210 694 4261 Paccbo
714 4209 906 4281 diadomr‘nr'ca
924 4211 994 4261 calc·
1022 4207 1130 4260 llermao
1148 4209 1172 4258 in
1186 4208 1304 4276 Aegypto
1317 4212 1496 4279 conscriptum
1513 4225 1565 4273 csse,

448 4299 577 4349 braretur.
608 4293 684 4344 Liber
702 4291 791 4360 pontii.
810 4294 833 4344 in
852 4296 904 4345 vita
923 4293 960 4344 Pii
976 4294 994 4346 l.
1023 4294 1088 4346 male
1106 4296 1211 4362 putarib
1249 4294 1566 4370 ctr.vn.11,3.p.³2t

445 4398 471 4436 n.
489 4382 514 4435 2.
533 4381 559 4449 p.
575 4381 620 4445 29.
640 4379 682 4432 cd.
701 4378 774 4431 Rom.
797 4380 880 4442 1724„
915 4424 918 4425 γ
1023 4389 1076 4435 not.
1096 4382 1121 4434 2.
1397 4402 1399 4406 ’
