3659 5209
630 524 749 583 tuderti
766 525 925 582 srtstotn
944 527 989 582 ott
1007 527 1172 585 ROMANOS.
1190 529 1214 595 1.¹
1229 530 1261 585 ll.
1444 536 1506 601 199

676 775 696 840 l
742 776 841 857 Spero
862 794 922 840 cos
944 776 1069 840 cinctas
1090 778 1207 842 cidere.
1253 830 1256 836 .

472 896 570 963 ¹Cnm
593 899 734 982 precibus
756 900 830 962 meis
854 899 932 983 apud
957 900 1113 964 Dominum
1136 903 1360 986 impetrassem,
1386 913 1418 968 ut
1441 907 1506 972 Deo

329 1014 344 1073 .“
376 1003 490 1088 dignos
514 1005 614 1097 vultus
630 1011 749 1067 vestros
764 1022 930 1082 cernerem,
954 1001 988 1088 (²
1000 1006 1138 1086 quoniam
1155 1011 1349 1090 perseveravi
1367 1012 1507 1094 petendo,

329 1128 345 1181 ι·
375 1116 413 1175 ut
442 1108 472 1171 id
502 1105 688 1192 acciperem)
697 1129 706 1186 3
737 1098 815 1172 nuno
845 1110 960 1172 vinctus
992 1111 1022 1172 in
1044 1110 1119 1174 lesu
1143 1112 1260 1176 Christo
1290 1133 1346 1178 vos
1378 1117 1507 1181 salutare

329 1223 345 1305 tp
376 1232 490 1298 spero,
522 1215 668 1296 siquidem
691 1215 829 1277 voluntas
851 1215 908 1276 Dei
930 1216 984 1293 sit,
1017 1211 1073 1278 ³ut
1095 1216 1204 1299 dignus
1231 1216 1360 1298 habear,
1390 1222 1441 1302 qui
1470 1223 1507 1285 ad

329 1354 347 1369 =·
376 1320 468 1386 finem
491 1321 673 1402 perveniam.
718 1317 810 1381 Recte
841 1319 918 1382 enim
951 1319 1124 1402 dispositum
1157 1329 1203 1384 est
1230 1325 1420 1407 principium,
1452 1323 1507 1389 ⁴si

329 1461 348 1521 ³.
377 1427 506 1512 gratiana
531 1442 715 1506 consequar,
747 1430 859 1487 sortem
882 1440 983 1486 meam·
1007 1425 1073 1487 sine
1100 1427 1309 1508 impedimento
1333 1431 1506 1512 accipiendi.

329 1542 348 1609 ᾗ
379 1528 513 1596 ‘Timeo
537 1531 615 1592 enirn
641 1535 770 1592 vestram
802 1529 989 1608 charitatem,
1021 1550 1059 1593 ne
1090 1551 1124 1594 ea
1154 1534 1223 1596 mihi
1251 1542 1367 1599 noceat.
1413 1538 1506 1601 Vobis

329 1673 347 1714 2
378 1637 459 1702 enirn
483 1635 570 1698 iacile
592 1640 647 1713 est,
672 1633 752 1715 quod
776 1634 863 1696 vultis
887 1633 1006 1711 lacere3
1030 1636 1098 1698 milri
1122 1655 1196 1702 vero
1220 1638 1339 1703 difficile
1362 1648 1418 1721 est,
1439 1643 1506 1706 Deo

376 1742 479 1825 potiri,
501 1741 528 1804 si
551 1758 606 1804 vos
629 1739 699 1802 rnilri
722 1732 876 1820 ⁶parcere
899 1741 1033 1805 studetis.

607 1931 684 1994 ··ll.
731 1931 833 1995 Nolite
855 1952 901 1993 mc
924 1933 1078 2014 martyrio
1102 1936 1233 2015 eripere.

329 2084 345 2149 p
468 2049 573 2118 ⁷Nolo
605 2052 682 2116 enim
713 2048 797 2116 8vos
826 2053 994 2116 hominibus
1023 2056 1162 2137 placere,
1194 2058 1248 2120 sed
1281 2060 1345 2123 Deo
1375 2062 1505 2143 placere,

329 2154 345 2250 ’,
377 2159 625 2246 quemadmodum
649 2165 678 2222 et
701 2177 757 2222 vos
781 2161 808 2221 ei
831 2159 964 2241 placetis.
1010 2160 1073 2222 Nec
1102 2163 1180 2224 enirn
1212 2181 1270 2245 ego
1294 2184 1422 2247 unquam
1446 2167 1508 2230 tale

329 2314 343 2359 Ι
377 2274 495 2349 ternpus
518 2265 582 2328 Deo
612 2264 744 2346 potiendi
775 2265 932 2347 attingant3
964 2283 1021 2326 nec
1043 2281 1116 2343 vos,
1147 2267 1173 2327 si
1200 2266 1358 2347 silueritis,
1390 2271 1505 2333 meliori

340 2398 344 2435 ε
378 2373 465 2455 operi
488 2370 610 2434 inscribi
633 2369 776 2451 poteritis.
822 2369 852 2432 Si
876 2369 954 2430 enim
979 2363 1046 2431 ⁹de
1073 2389 1119 2432 me
1141 2370 1299 2450 silueritis,
1326 2367 1351 2407 ¹⁰
1366 2391 1425 2454 ego
1450 2373 1504 2436 Dei

329 2450 343 2569 i
377 2477 463 2553 ianr;
486 2477 512 2539 si
534 2481 632 2562 autem
655 2493 774 2537 carnem
797 2491 891 2536 orcam
908 2475 1087 2554 amaveritis,
1111 2473 1210 2538 denuo
1228 2475 1297 2537 rnilri
1314 2477 1370 2538 erit
1397 2474 1504 2539 ¹¹cur·

329 2612 344 2675 p
377 2583 514 2651 rendunt.
559 2581 659 2644 Nolite
681 2581 747 2663 plus
771 2579 838 2642 milri
861 2581 1022 2662 praebere,
1053 2600 1140 2662 quarn
1159 2588 1196 2642 ut
1233 2577 1256 2616 ¹²
1271 2581 1406 2644 immoler
1428 2581 1503 2662 Deo,

329 2742 344 2780 ³.
378 2688 446 2752 dum
479 2686 575 2750 adhuc
604 2687 697 2750 altare
726 2692 859 2768 paratum
889 2693 952 2763 est3
982 2693 1014 2749 ut
1044 2687 1072 2748 in
1103 2686 1246 2749 charitate
1268 2687 1378 2758 chorus
1403 2686 1504 2750 elieoti

329 2780 344 2890 ‘p'
378 2795 492 2858 canatis
513 2793 590 2857 Patri
618 2794 647 2856 iu
672 2792 788 2856 Christo
819 2792 907 2871 lesu,
946 2789 969 2830 ¹³
984 2792 1062 2874 quod
1086 2791 1167 2854 Deus
1196 2793 1370 2874 episcopum
1398 2791 1503 2875 Syriae

329 2950 342 2991 Ι
377 2898 506 2962 inveniri
529 2897 665 2981 dignatus
690 2904 745 2977 est,
772 2897 807 2961 ab
832 2897 955 2961 Oriente
978 2899 1006 2959 in
1029 2897 1221 2960 Occidentem
1245 2917 1311 2960 eurn
1335 2915 1502 2960 arcessens.

329 3056 340 3097 3
376 3005 492 3071 Bonum
515 3010 570 3085 est,
594 3024 611 3068 a
633 3003 743 3068 mundo
766 3002 906 3068 occidere
929 3002 964 3064 ad
985 3003 1089 3082 Deum,
1113 3008 1144 3064 ut
1166 3003 1196 3064 in
1218 3002 1285 3082 ipso
1309 3003 1397 3066 oriar.

329 3294 332 3301 .
375 3265 427 3302 nou
457 3247 576 3317 legerunt
604 3243 645 3311 poi.
681 3244 733 3299 Cir.
760 3250 927 3310 Petermcon,
973 3244 1017 3312 11)
1037 3243 1115 3310 Syrus
1135 3253 1161 3297 et
1179 3253 1253 3297 vetas
1271 3246 1393 3313 interpres
1412 3244 1502 3297 latinus

374 3336 459 3406 Quat.
479 3336 553 3403 epist.
574 3333 649 3385 teto.
669 3350 693 3402 p.
714 3333 763 3386 138
782 3350 818 3402 aq.
954 3331 1069 3400 legerunt
1081 3331 1164 3394 ἔσομαι
1182 3327 1241 3396 ἠχώ,
1259 3338 1349 3403 sactus
1362 3351 1500 3398 sumcere,

411 3424 443 3492 7)
462 3422 560 3475 loitiurn
584 3419 801 3489 capitissecuudi
823 3415 861 3469 Ovi
884 3415 927 3488 peip
954 3429 979 3471 ut
997 3421 1122 3486 interpres
1140 3418 1229 3470 reddit.
1254 3417 1395 3472 Bunseuius
1407 3422 1501 3472 vertit:

373 3511 443 3561 θέλω
456 3547 462 3558 .
475 3547 480 3559 .
492 3506 602 3576 ἅρίσκετε
621 3509 695 3560 deest
710 3509 735 3558 iu
748 3506 850 3572 Syriaca
864 3524 926 3559 ver·
953 3511 980 3561 aa·
996 3515 1105 3560 mortem
1123 3523 1206 3559 mam
1223 3510 1367 3575 impeditis,
1388 3522 1434 3574 epo
1449 3522 1502 3558 nore

374 3603 450 3654 sicne
467 3599 657 3669 epistolarum,
683 3595 730 3648 sed
755 3597 882 3648 invenitur
901 3598 926 3647 in
952 3597 1049 3661 sactis,
1076 3597 1124 3647 aad
1148 3597 1238 3649 cerdic
1263 3601 1363 3646 tanturm
1388 3594 1502 3661 plocium

374 3687 483 3754 syriaca
502 3685 619 3736 versione
636 3687 761 3753 martyrii
781 3683 806 3734 S.
826 3682 925 3751 ignatii.
954 3686 1003 3736 Dei
1025 3683 1140 3752 pondere
1161 3697 1283 3750 passuro.
1323 3676 1402 3728 dicito
1421 3693 1500 3745 prae·

374 3773 431 3826 ctr.
451 3777 582 3839 Orootco,
603 3769 677 3838 Corp.
696 3769 777 3839 lguat.
796 3787 821 3838 p.
837 3771 897 3822 225.
953 3767 1058 3821 ferenda
1072 3776 1111 3820 est
1122 3767 1198 3819 lectio
1210 3767 1296 3835 graeci
1309 3772 1400 3816 textus.
1431 3763 1500 3817 Seu·

385 3898 388 3903 .
411 3860 443 3928 8)
460 3858 566 3927 ltaleg.
579 3873 641 3909 cum
657 3856 850 3924 interpolatore,
869 3874 925 3908 cum
952 3873 994 3907 sus
1013 3864 1063 3907 est:
1087 3859 1170 3910 denuc
1189 3857 1254 3908 midi
1271 3857 1322 3907 erit
1339 3855 1501 3905 currendum

372 3955 468 4002 vetere
479 3945 622 4013 interprete
641 3944 682 3997 lat.
699 3953 725 3996 et
738 3961 795 3997 cum
807 3947 926 3998 versione
952 3947 980 3996 in
1003 3948 1053 3999 troc
1077 3947 1164 3998 stadio
1188 3945 1272 4006 citae,
1300 3941 1383 4006 cuijus
1406 3948 1500 3991 metam

371 4031 536 4088 Armeniaca.
572 4031 616 4084 lile.
635 4027 700 4096 alpia.
733 4060 736 4064 Δ
950 4048 1032 4100 poeste
1049 4034 1131 4101 attipi.
1162 4025 1214 4080 Cir.
1234 4026 1315 4080 lCor.
1334 4024 1360 4090 9,
1379 4025 1421 4075 24.

413 4122 444 4189 9)
462 4119 480 4174 l.
500 4137 524 4189 q.
543 4122 598 4186 περὶ
617 4118 683 4180 ἐμοῦ.
710 4121 800 4170 Salsu.
970 4118 1016 4186 12)
1035 4116 1086 4169 co.
1105 4115 1205 4185 illim.
1225 4115 1251 4180 4,
1269 4114 1294 4167 6.

395 4209 443 4275 10)
462 4207 540 4275 Syrus
557 4206 635 4276 legit:
662 4205 745 4269 ἔσομαι
762 4201 830 4272 λόγος
851 4203 923 4271 Θεοῦ,
970 4204 1016 4273 13)
1035 4204 1112 4270 Syrus
1136 4202 1230 4271 legisse
1253 4202 1367 4253 videtur:
1392 4195 1430 4246 du
1454 4191 1499 4245 τὸν

372 4296 451 4367 quod¹
460 4294 600 4347 Bussenius
617 4294 758 4346 defendens
770 4293 859 4346 vertit:
878 4311 925 4364 epo
951 4290 1086 4342 ἐπίσκοπον
1103 4290 1245 4354 κατηξίωσεν
1263 4285 1321 4336 εἶναι
1339 4288 1382 4335 τοῦ
1401 4283 1470 4333 Θεοῦ.

370 4387 429 4443 M
446 4386 559 4455 pterim
576 4381 743 4454 deotpato:
