3659 5209
613 557 792 613 cinnama
811 559 977 616 uersuum.
1005 561 1067 614 xxr.
1357 570 1397 633 51

281 734 348 778 cum
370 717 432 778 suis
453 718 593 797 operibus
615 720 729 800 peribit.
770 722 932 803 Propterea
955 720 1148 798 resurrectio,
1170 729 1326 803 propterea
1346 743 1401 786 re·

280 821 411 882 tributio.
429 845 433 849 ·
450 821 537 903 Rogo
561 840 633 900 vos,
656 840 817 904 proceres,
842 825 867 886 si
891 825 988 886 bonae
1011 824 1168 886 voluntatis
1191 844 1274 887 meae
1297 828 1401 890 consi-

279 924 351 987 lium
370 925 508 1006 accipere
526 925 635 988 velitis:
660 927 775 991 habetis
796 930 965 1006 vobiscum,
989 929 1095 1009 quibus
1115 929 1192 991 bene
1213 927 1340 1007 iecistis;
1363 951 1401 995 ne

282 1045 336 1090 eos
358 1029 579 1109 derelinquatis.
617 1030 712 1111 Prope
731 1031 809 1092 enim
833 1039 879 1094 est
898 1032 973 1108 dios,
997 1033 1025 1093 in
1050 1034 1223 1113 quaomnia
1243 1051 1307 1094 cum
1327 1035 1402 1098 malo

281 1134 429 1212 peribunt.
467 1134 563 1214 Prope
584 1141 629 1195 est
646 1134 786 1196 Dominus
808 1140 836 1195 et
855 1151 970 1195 merces
990 1136 1065 1214 ejus.
1104 1134 1197 1195 Etiam
1213 1140 1301 1215 atque
1319 1138 1403 1197 etiam

282 1255 361 1317 rogo
381 1255 455 1298 vos:
477 1243 575 1299 estote
594 1239 678 1299 vobis
697 1238 768 1300 boni
786 1236 985 1319 legislatores,
1008 1239 1092 1301 vobis
1110 1245 1226 1299 manete
1247 1240 1406 1301 consiliarii

252 1346 257 1354 '
284 1339 404 1417 fideles,
428 1341 520 1402 tollite
545 1361 584 1402 ex
607 1342 702 1404 vobis
717 1360 834 1403 omnem
857 1341 1047 1422 hypocrisim.
1090 1341 1194 1403 ¹lleus
1218 1348 1332 1420 autern,
1357 1344 1407 1423 qui

284 1444 428 1506 universo
446 1444 555 1521 niundo
573 1444 747 1524 dominatur,
765 1445 814 1506 det
829 1446 914 1508 vobis
930 1445 1113 1527 sapientiam,
1137 1447 1299 1523 scientiam,
1317 1449 1408 1508 intel-

284 1548 453 1630 ligentiam,
478 1551 677 1630 cognitionem
698 1549 901 1614 mandatorum
918 1566 1057 1629 suorum,
1082 1566 1149 1611 cum
1172 1553 1407 1630 perseverantia.

284 1652 457 1716 Eliciamini
473 1660 569 1716 autam
587 1654 664 1717 docti
682 1673 698 1716 a
715 1655 794 1732 lleo,
819 1655 1028 1734 exquirentes,
1052 1654 1121 1733 quirl
1138 1671 1155 1714 a
1172 1653 1259 1714 vobis
1275 1655 1409 1733 requirat

285 1756 445 1834 Dominus;
478 1765 506 1819 et
530 1759 654 1837 efficite,
679 1766 710 1820 ut
733 1759 806 1827 salvi
830 1760 892 1822 sitis
918 1760 946 1820 in
970 1759 1017 1819 die
1037 1758 1149 1839 judicii.
1196 1757 1226 1820 Si
1251 1776 1307 1838 qua
1333 1776 1407 1821 vero

235 1928 236 1935 p
287 1861 384 1922 estin
409 1845 588 1924 vobis'boni
611 1863 796 1940 recordatio,
821 1869 1003 1925 momentote
1027 1862 1101 1940 mei,
1132 1860 1206 1923 haec
1229 1862 1319 1922 verba
1343 1879 1407 1923 mea

286 1964 480 2041 meditanteS,
504 1972 584 2027 utet
602 1965 784 2039 desiderium
807 1971 836 2027 et
855 1964 1005 2043 vigilantia
1029 1983 1093 2025 mea
1111 1966 1139 2024 in
1158 1965 1276 2044 aliquod
1299 1967 1408 2026 bonum

235 2050 237 2059 ¹
287 2068 403 2131 evadat.
445 2069 533 2150 Rogo
556 2086 621 2146 vus,
644 2068 768 2150 gratiam
792 2067 953 2148 postulans.
996 2066 1066 2129 Cum
1090 2067 1184 2129 adbuc
1207 2069 1235 2130 in
1259 2069 1316 2130 hoc
1338 2069 1409 2150 pul-

288 2174 364 2232 chro
386 2169 481 2234 ²vase
500 2172 587 2249 estis,
609 2173 639 2233 in
656 2171 737 2234 nullo
754 2171 857 2234 borum
879 2169 1082 2234 mandatorum
1101 2170 1233 2249 deficite,
1253 2173 1305 2235 sed
1321 2173 1409 2234 inde-

288 2276 426 2337 sinenter
457 2275 530 2337 baec
562 2277 723 2357 exquirite,
748 2282 784 2338 -et
815 2275 972 2356 adimplete
1005 2293 1093 2337 omne
1123 2273 1303 2349 mandatum3
1336 2276 1411 2336 baec

287 2397 420 2458 namque
439 2378 527 2461 digna
546 2387 623 2442 sunt.
665 2380 763 2454 Quare
781 2381 965 2461 potissimum
983 2379 1012 2441 id
1034 2398 1155 2460 operam
1175 2377 1252 2455 dedi,
1273 2383 1411 2457 quantum

286 2487 315 2554 in
341 2503 390 2546 me
413 2483 483 2563 luit,
507 2493 538 2547 ut
556 2486 719 2546 scriberem
741 2486 844 2562 vobis,
868 2502 928 2565 quo
953 2482 1149 2545 exhilararem
1175 2499 1238 2544 vus.
1284 2481 1412 2556 Salvete,
1461 2556 1465 2565 ,

284 2590 337 2652 lilii
361 2589 527 2651 dilectionis
551 2596 581 2651 et
601 2589 692 2670 pacis.
738 2589 882 2653 Dominus
905 2588 1021 2674 gloriae
1044 2595 1074 2650 et
1106 2586 1201 2650 omnis
1233 2585 1348 2668 gratiae
1374 2585 1412 2646 sit

284 2713 353 2757 cum
377 2693 482 2774 spiritu
502 2691 620 2757 vestro!
668 2692 771 2756 Amen.
