3659 5209
560 503 579 560 1.
599 501 782 559 ctenutttts
800 502 845 556 Al)
866 501 942 558 COR.
961 503 1045 559 XLVI.
1063 504 1155 561 xtvn.
1175 506 1280 563 XLVIII.
1420 516 1482 581 119

346 672 537 747 poneretur,
562 674 592 728 et
613 667 840 746 demergeretur
863 667 897 735 in
919 685 1016 744 more,
1041 686 1133 747 quom
1147 677 1183 730 nt
1196 687 1288 732 unum
1304 671 1341 734 de
1351 675 1482 754 pusillis

352 771 436 834 meis
459 771 702 832 scandalizaret.
747 769 877 834 ScbIsma
901 779 1034 834 vestrum
1058 767 1165 836 multos
1188 778 1347 856 pervertit,
1374 781 1481 845 multos

354 879 388 940 in
413 876 499 938 animi
524 856 736 957 dejectionem,
767 877 873 939 multos
904 879 935 939 in
964 878 1197 955 vacillatIonem,
1230 897 1334 943 omnes
1366 901 1421 946 nos
1450 886 1479 948 in

353 981 504 1043 tristitiam
526 982 664 1063 conjecit,
688 998 745 1044 nos
769 998 872 1044 omnes
896 1000 1036 1045 moerore
1060 982 1173 1061 affecit3
1200 990 1229 1046 et
1252 985 1349 1048 adhuc
1372 990 1478 1054 seditio

353 1092 459 1148 vestra
482 1086 622 1166 persistit.

353 1275 467 1338 XLVII.
511 1275 687 1338 Discordia
706 1282 815 1339 'oestro
836 1295 945 1338 recens
964 1279 1060 1356 pejor
1083 1286 1130 1339 est
1149 1279 1265 1357 priori,
1289 1298 1368 1361 quoe
1390 1281 1481 1345 Pauli

776 1383 966 1458 temporibus
991 1381 1066 1472 suit.

450 1498 636 1581 ¹Epistolam
668 1501 747 1564 beati
775 1504 856 1564 Pauli
879 1502 1018 1585 Apostoli
1048 1504 1077 1566 in
1107 1522 1211 1567 manus
1240 1507 1357 1569 sumite.
1403 1507 1479 1580 Quid

352 1605 480 1686 prImum
503 1607 589 1668 vobis
613 1607 642 1667 ln
666 1602 838 1686 ²prinprio
861 1606 1017 1688 Evangelii
1040 1609 1183 1689 scripsit?
1228 1609 1316 1671 Certe
1340 1610 1478 1674 dlvinitus

353 1710 514 1789 inspiratus
538 1710 575 1771 de
597 1711 716 1791 seipso,
748 1710 785 1771 de
809 1711 907 1792 Cepha
931 1718 961 1773 et
983 1713 1091 1792 Apollo
1123 1712 1160 1774 ad
1184 1731 1239 1775 vos
1262 1714 1362 1775 literas
1387 1714 1477 1794 dedit,

353 1815 425 1892 quia
447 1815 533 1875 etiam
557 1819 616 1875 tum
644 1815 721 1876 inter
749 1833 804 1877 vos
834 1815 979 1879 factiones
1011 1823 1040 1880 et
1068 1820 1193 1898 partium
1220 1819 1317 1881 studia
1348 1818 1477 1881 lucrant.

353 1917 416 1983 Sed
446 1917 535 1980 factio
566 1919 620 1980 ista
644 1916 767 1981 ³minus
797 1921 883 1982 vobis
915 1922 1009 1983 intulit
1040 1930 1212 2001 peceatnm;
1244 1923 1477 2004 propendebatis

354 2022 434 2084 enim
457 2023 486 2082 in
510 2020 673 2102 Apostolos
696 2022 851 2102 praeclaro
876 2024 1050 2086 testimonla
1067 2025 1213 2104 celebres,
1237 2033 1265 2088 et
1280 2029 1309 2088 in
1325 2030 1421 2090 virum
1437 2030 1474 2091 ab

351 2126 600 2206 illis'probatum.
645 2125 731 2187 Nunc
755 2143 843 2204 vero,
874 2128 925 2207 qui
947 2127 1021 2205 sint,
1054 2129 1103 2206 qui
1126 2146 1182 2190 nos
1204 2132 1418 2209 perverterint,
1448 2138 1478 2193 et

351 2227 608 2295 ⁴nominatissiini
632 2229 740 2290 amoris
763 2230 856 2292 vestri
880 2230 1003 2291 fraterni
1024 2230 1115 2292 decus
1138 2231 1343 2311 imminuerint,
1367 2234 1475 2296 vohis·

351 2352 422 2396 cum
453 2331 637 2412 perpendite.
683 2334 808 2415 Turpia,
838 2334 963 2413 fratres,
995 2335 1090 2415 turpia
1121 2334 1225 2411 valde,
1260 2341 1289 2396 et
1317 2336 1475 2398 christiana

352 2435 475 2500 vivendi
504 2438 619 2498 ratione
650 2437 772 2520 indigna
804 2437 908 2500 audire
941 2439 1099 2517 dehemus,
1133 2438 1329 2502 firmissimam
1363 2439 1477 2502 scilicet

354 2548 386 2604 et
409 2539 584 2621 ⁵annquan
600 2542 817 2605 Corinthiorum
841 2544 996 2608 ecclesiam
1019 2550 1142 2625 propter
1166 2561 1256 2606 unum
1279 2549 1329 2605 aut
1351 2545 1476 2608 alterum

353 2644 504 2707 hominem
529 2653 631 2708 contra
654 2649 848 2729 presbyteros
870 2647 1048 2709 seditionem
1069 2665 1202 2709 movere.
1243 2648 1280 2708 Et
1294 2648 1342 2709 hic
1358 2649 1476 2729 quidem

353 2767 458 2813 rumor
481 2767 541 2811 non
564 2755 674 2813 tantum
697 2751 734 2813 ad
757 2770 823 2831 nos,
847 2751 901 2814 sed
917 2751 954 2812 ad
971 2770 1024 2814 eos
1042 2752 1138 2831 etiam,
1162 2752 1213 2831 qui
1228 2769 1245 2813 a
1262 2748 1476 2815 nobis.⁶alieni

353 2860 440 2931 sunt,
464 2855 609 2930 manavit;
637 2856 692 2933 ita,
716 2863 748 2917 ut
770 2856 893 2938 propter
915 2861 1044 2916 vestram
1068 2858 1225 2919 amentiam
1249 2850 1475 2938 'blasphemiae

353 2958 467 3022 nomini
490 2959 606 3021 Domini
628 2961 802 3040 inserantur,
827 2966 856 3038 et
878 2960 964 3022 vobis
988 2960 1060 3041 ipsis
1084 2961 1246 3042 periculum
1270 2969 1399 3025 creetur.

491 3147 614 3211 XLVIII.
652 3112 809 3214 liedeotis
833 3152 876 3213 cd
894 3153 1032 3232 fraterni
1054 3152 1170 3214 amoris
1192 3153 1335 3215 studium.

443 3270 621 3335 Auferamus
652 3273 744 3354 igitur
774 3275 833 3336 hoc
867 3274 1004 3337 celeriter
1012 3295 1021 3351 ;
1059 3274 1184 3355 pedibus
1218 3276 1333 3339 Domini
1366 3278 1474 3341 advol-

325 3421 332 3439 .
353 3395 468 3455 vamur,
491 3382 520 3437 et
541 3377 647 3440 tientes
670 3378 842 3460 suppliciter
857 3379 1049 3460 imploremus
1067 3396 1144 3457 eum,
1169 3385 1200 3440 ut
1218 3382 1361 3463 propitius
1379 3381 1474 3460 lactus

351 3482 442 3544 nobis
460 3481 684 3559 reconcilietur,
709 3487 738 3542 et
761 3483 904 3561 pristinae
926 3488 1048 3545 nostrae
1065 3481 1195 3545 decorae
1218 3479 1273 3545 ⁸et
1288 3491 1388 3546 castae
1408 3484 1474 3544 ira-

351 3587 431 3648 terni
453 3587 562 3649 amoris
585 3587 806 3649 conversationi
829 3606 885 3651 nos
908 3590 1049 3650 restituat.
1097 3587 1177 3649 llaec
1200 3587 1277 3648 enim
1306 3589 1365 3649 vita
1388 3594 1474 3668 porta

346 3691 483 3774 justitiae
507 3690 611 3752 estad
635 3691 723 3753 vitam
746 3698 858 3774 aperta,
882 3693 957 3754 sicut
978 3690 1121 3771 scriptum
1144 3695 1204 3751 est:
1232 3685 1376 3768 ⁹operite
1399 3691 1474 3752 mibi

348 3914 409 3950 carn
437 3902 553 3962 tempora
579 3893 687 3947 Neronis
715 3900 822 3966 antiqno
850 3911 899 3948 ne·
930 3899 1083 3962 Wottonua,
1112 3897 1170 3964 quia
1196 3895 1263 3963 apud
1289 3898 1368 3950 Cleant.
1393 3898 1472 3947 Alex.

348 3984 463 4053 quiverit
481 3980 604 4049 appellari
624 3983 742 4034 ecclesia.
771 3968 850 4035 Filev.
927 3992 982 4048 est,
1010 3982 1144 4052 qui'bunc
1167 3985 1251 4037 locum
1274 3982 1361 4033 laudat
1379 3979 1471 4031 Strom.

385 4072 416 4134 6)
434 4069 454 4120 I.
468 4085 492 4119 e.
512 4073 546 4122 ael
562 4087 688 4139 poparum.
720 4060 836 4121 Clemens
855 4085 899 4120 re·
926 4071 969 4135 tv,
991 4071 1030 4123 17.
1049 4089 1075 4138 p.
1095 4070 1154 4122 613.
1175 4071 1215 4120 ed.
1234 4069 1325 4119 Venet.

346 4156 427 4225 spicit
446 4157 476 4206 ad
496 4155 570 4207 Rom.
590 4155 615 4219 2,
635 4156 677 4207 24.
961 4159 989 4224 9)
1007 4157 1048 4209 Ps.
1070 4157 1134 4220 117,
1157 4154 1198 4205 19.
1217 4156 1259 4206 20.
1294 4153 1364 4205 llaec
1383 4161 1408 4204 et
1426 4168 1472 4204 se-

385 4243 417 4309 7]
437 4240 488 4293 Cir.
508 4242 580 4293 Rom.
599 4243 626 4306 2,
645 4242 687 4293 24.
721 4240 811 4293 thm.
829 4243 855 4306 6,
876 4243 898 4295 1.
927 4247 1030 4314 quentia
1047 4227 1184 4295 citantur‘a
1199 4244 1277 4295 Clem-
1291 4245 1367 4294 Alex.
1381 4238 1472 4292 Strom.

357 4368 360 4372 .
384 4328 417 4397 8)
435 4330 488 4378 Καὶ
508 4329 670 4381 inserendum
690 4345 756 4394 esse,
776 4330 900 4382 existimat
926 4331 946 4396 l,
965 4333 990 4382 t.
1010 4349 1035 4400 p.
1055 4330 1114 4384 338.
1134 4329 1192 4382 339.
1211 4329 1252 4380 od.
1273 4326 1363 4378 Veaet.
1419 4354 1421 4358 ·
