3659 5209
516 523 582 593 428
727 515 866 571 sununs
884 515 1020 571 rasroa.
1056 515 1152 572 traua
1171 517 1213 572 ιιι.
1250 517 1376 573 ειιιιιιι.
1395 517 1434 575 ιι

519 683 586 764 quia
609 680 758 764 prioribus
783 679 889 741 diebus
920 684 1116 741 cessaverunt
1146 678 1182 740 ab
1214 696 1327 760 opere,
1357 679 1485 761 repetito

519 786 627 868 aliquid
650 786 721 848 boni
744 779 846 848 faeere
870 784 993 866 possint.
1038 781 1112 844 Aeta
1135 783 1226 866 igitur
1247 785 1449 865 poenitentia,
1470 785 1495 849 si

519 909 611 973 opera
634 891 784 969 bonitatis,
806 889 909 952 vivent
915 909 925 965 3
949 889 995 949 sin
1017 895 1116 950 autern
1139 890 1169 950 in
1185 887 1323 952 admissis
1341 891 1406 953 suis
1418 908 1506 972 perna

518 996 672 1060 trademur
694 994 867 1058 mulieribus
891 993 958 1072 illis,
982 1011 1059 1073 quae
1082 993 1125 1054 eis
1149 992 1286 1057 auferent
1309 995 1433 1057 vitain.“
1471 1056 1475 1069 ,

577 1126 588 1171 ς
606 1099 682 1163 XXI.
729 1099 794 1178 „De
817 1104 923 1179 quarto
945 1115 1020 1160 vero
1043 1104 1154 1178 monte,
1181 1099 1310 1161 habente
1336 1100 1492 1180 plurimam

502 1207 604 1289 ¹eujus
628 1205 767 1303 superior
783 1220 851 1285 pars
868 1201 971 1266 viridis
987 1208 1060 1281 erat,
1085 1204 1168 1285 ipsae
1184 1222 1258 1267 vero
1274 1205 1398 1267 radices
1414 1205 1506 1271 arida

518 1312 585 1375 dani
615 1312 703 1373 etiarn
734 1328 750 1371 a
779 1308 853 1371 solis
883 1307 994 1370 ardore
1024 1314 1118 1371 tactae
1150 1310 1344 1372 arescebant:
1379 1309 1506 1394 huJ‘nson

518 1416 635 1498 quidam
663 1412 782 1493 ¹dubii,
814 1413 864 1495 qui
887 1412 1096 1494 erediderunt,
1128 1420 1158 1476 et
1180 1413 1297 1495 quidam
1321 1414 1390 1497 alii,
1417 1417 1449 1479 in
1470 1416 1506 1480 ut

518 1522 636 1600 nrinuna,
659 1537 720 1582 non
742 1519 772 1581 in
796 1517 888 1581 corde
912 1518 1055 1582 ferentes.
1099 1518 1230 1600 ideoque
1253 1519 1355 1582 aridae
1379 1529 1462 1603 sunt,
1486 1540 1506 1585 e*

518 1626 738 1690 sundarne'ntrnn
761 1624 906 1686 habentes
929 1624 1041 1687 herbae
1064 1642 1185 1701 eornm;
1211 1625 1314 1687 verbis
1337 1627 1421 1688 eninr
1444 1632 1505 1709 tant

517 1734 637 1808 vivunt,
669 1746 761 1809 opera
792 1747 867 1791 vero
900 1748 1004 1793 eorum
1034 1736 1150 1791 mortua
1176 1734 1253 1792 sunt.
1300 1729 1335 1790 iii
1360 1748 1506 1811 ergone

487 1862 490 1867 ·
518 1844 586 1899 sunt
616 1853 673 1897 neo
702 1834 781 1914 vivi,
815 1841 845 1897 et
875 1834 956 1898 dubii
986 1814 1118 1900 similiter
1149 1838 1224 1897 sunt.
1269 1832 1330 1915 Ipsi
1363 1836 1443 1897 eninr
1478 1833 1506 1898 h

518 1940 630 2006 virides
653 1946 740 2019 sunt,
771 1957 871 2019 neque
894 1939 984 2016 aridi3
1007 1938 1121 2018 idest,
1144 1957 1202 2001 neo
1224 1939 1294 2018 vivi,
1321 1957 1380 2002 neo
1403 1946 1506 2003 rnortu

518 2049 595 2111 enini
618 2046 730 2109 herbae
753 2063 856 2108 eurum
878 2047 944 2109 sole
966 2046 1033 2108 viso
1056 2051 1196 2107 aruerunt
1204 2065 1214 2120 3
1245 2044 1286 2106 ita
1319 2050 1349 2105 et
1376 2032 1500 2122 dubiis.

518 2151 674 2216 audierunt
704 2151 960 2233 persecutionem,
989 2149 1175 2212 incommoda
1205 2155 1396 2228 metuenteS,
1422 2146 1506 2237 redis¹

517 2257 691 2335 simulacra,
705 2286 708 2291 ·
723 2261 753 2317 et
775 2272 878 2318 rursus
902 2255 1072 2318 servierunt
1100 2254 1160 2332 eis,
1192 2258 1221 2314 et
1247 2255 1434 2316 erubuerunt
1458 2253 1506 2317 Do

517 2362 598 2427 ferre
614 2379 731 2423 nornen.
761 2359 935 2442 Hujusniodi
952 2378 1032 2441 ergo.
1044 2359 1178 2422 homines
1193 2377 1250 2420 neo
1266 2358 1336 2437 vivi,
1358 2377 1417 2421 noo
1433 2365 1506 2441 rnort

517 2467 572 2532 sed
593 2473 622 2529 et
640 2465 669 2527 hi
687 2471 813 2546 possunt
834 2464 949 2543 vivere,
972 2465 998 2526 si
1014 2464 1071 2526 cito
1089 2463 1204 2546 ‘egerint
1219 2463 1433 2545 poenitentiam
1443 2485 1453 2541 ;
1475 2464 1506 2527 sit

514 2572 575 2654 jain
598 2569 696 2633 traditi
716 2576 786 2632 sunt
808 2569 980 2631 mulieribus
1004 2569 1069 2649 iilis,
1092 2587 1168 2649 quae
1191 2567 1327 2631 auferent
1349 2570 1444 2631 vitani
1467 2586 1506 2632 eo:

597 2673 693 2736 xxti.
734 2674 806 2754 „De
838 2674 940 2754 quinto
970 2679 1176 2759 vero..,monte
1206 2690 1314 2753 aspero
1340 2677 1373 2735 et
1394 2673 1506 2753 virides

517 2779 662 2849 habente:
685 2777 853 2862 hujusmodi
873 2784 960 2857 sunt,
984 2779 1033 2857 qui
1056 2776 1263 2856 crediderunt,
1297 2775 1404 2841 hdeles
1429 2777 1506 2863 quida

468 2940 470 2945 ,
518 2884 637 2947 difficile
659 2884 828 2961 credentes,
851 2891 882 2946 et
905 2883 1044 2963 audaces,
1068 2903 1103 2946 ao
1119 2884 1361 2964 sibi,ptaoentes;
1386 2885 1505 2947 volente

517 2997 624 3072 ounota
655 2989 752 3067 scire,
785 2989 918 3069 nihilque
935 3045 937 3048 .
953 2991 1073 3062 ornnino
1104 2990 1242 3052 seientes.
1262 3044 1264 3049 .
1286 2988 1415 3070 Propter
1448 2989 1506 3053 han

517 3093 668 3156 audaciam
691 3109 799 3161 sensus
823 3092 961 3157 discessit
982 3095 1018 3157 ab
1043 3095 1114 3173 illis,
1146 3099 1175 3155 et
1201 3094 1320 3155 intravit
1350 3096 1381 3157 in
1406 3113 1463 3158 eos
1477 3088 1506 3156 'ta

517 3198 698 3281 arrogantia
744 3196 890 3262 Sublimes
914 3205 1011 3261 autern
1035 3216 1070 3261 se
1093 3203 1217 3280 gerunt,
1241 3204 1271 3259 et
1292 3198 1385 3262 vetuti
1409 3199 1506 3281 pande

518 3321 607 3384 quum
624 3303 682 3365 sint
697 3302 786 3381 stulti,
810 3305 931 3383 eupiunt
948 3303 1089 3366 doctores
1104 3302 1208 3365 videri.
1231 3304 1369 3387 ¹Propter
1391 3303 1506 3368 inanest

518 3409 588 3471 dum
610 3426 645 3471 se
669 3407 865 3489 magnificant,
889 3408 972 3470 inulti
995 3428 1098 3472 eorum
1122 3408 1263 3470 exinaniti
1285 3415 1364 3471 sunt.
1405 3411 1506 3493 Magni

518 3510 733 3575 ²doemonium
766 3520 812 3576 est
840 3511 972 3576 audacia*
993 3519 1023 3574 et
1054 3502 1231 3575 confidentia
1260 3511 1366 3574 inanis,
1409 3512 1458 3574 Ex
1484 3512 1506 3574 h

516 3618 612 3680 multi.
621 3618 728 3699 abjecti
751 3625 827 3680 sunt.
873 3617 933 3680 Alii
965 3600 1062 3680 autern
1092 3617 1193 3701 agnito
1219 3617 1324 3678 o'rrore
1346 3634 1404 3679 suo
1428 3635 1505 3698 poen

479 3761 482 3765 -
516 3727 654 3806 egerunt,
678 3727 712 3784 et
727 3721 923 3785 subdiderunt¹
945 3739 980 3784 se
1003 3723 1177 3785 habentibus
1199 3739 1328 3784 sensum.
1376 3722 1438 3786 Sed
1462 3728 1491 3785 et

320 4378 528 4725 ,χ

515 3826 621 3889 bonurn
653 3826 794 3892 sinilibus
824 3827 979 3906 proposita
1013 3833 1059 3889 est
1092 3826 1273 3908 poenitentia
1283 3846 1291 3901 ;
1326 3844 1428 3907 neque
1452 3826 1506 3891 -eni

516 3930 652 4007 fuerunt,
684 3929 738 3991 sed
767 3930 942 4010 insipientes
960 3933 1068 4013 -potius
1100 3939 1129 3994 et
1151 3931 1241 3994 stulti.
1285 3932 1322 3995 Hi
1350 3950 1445 4015 ergo,
1474 3933 1499 4003 si

515 4035 736 4117 poenitentiam,
758 4035 863 4097 vivent
877 4036 943 4101 Deo
951 4059 961 4115 3
984 4038 1029 4099 sin
1052 4038 1157 4115 minus,
1181 4036 1354 4099 habitabunt
1378 4050 1446 4107 omn
1469 4055 1506 4101 ιιιι

514 4126 584 4219 ittisp
607 4157 685 4218 quae
706 4126 853 4233 nequitias
876 4156 946 4203 suas
970 4143 1155 4204 exercebunt
1177 4142 1206 4203 in
1232 4142 1305 4203 eis.“

553 4274 580 4343 1)
598 4275 1062 4343 Iidemdeacribuntursirnii.Vtii‚7.
1091 4284 1235 4336 daemonio.
1280 4277 1332 4333 cfr.
1361 4279 1447 4334 Maud.
1472 4278 1502 4334 il.

552 4362 580 4433 2)
600 4364 665 4418 Vitia
684 4362 827 4418 aPatribus
843 4381 922 4433 saepe
941 4375 1064 4419 vocantur
1091 4375 1142 4419 not.
1161 4366 1185 4420 2.
