3659 5209
545 512 668 572 lunum
685 510 842 569 ueniunt
859 512 905 568 uu
925 512 1243 607 umanumumnses
1262 516 1292 572 X.
1310 516 1352 583 XL
1449 522 1510 590 221

329 660 333 721 ἶ
389 675 532 743 'nomen
577 677 685 742 Beatus
706 675 756 765 die
779 677 808 744 in
831 675 905 741 Jesu
928 675 1056 758 Christo,
1083 677 1132 759 qui
1156 675 1263 760 dignus
1286 678 1402 744 habitus
1425 680 1513 746 luerit

329 768 332 838 l
386 783 534 868 eJusmodi
557 784 739 859 ministeri03
769 791 799 846 et
822 801 881 851 vos·
901 801 1023 863 quoque
1046 783 1290 865 glorificabimini.
1335 785 1512 852 linientibus

329 894 334 935 ¹
385 897 485 953 atatem
509 889 595 952 vobis
615 887 674 952 hoc
702 906 764 951 uon
794 894 839 950 est
869 886 1069 969 impossibile,
1101 905 1156 970 pro
1179 889 1299 950 nomine
1321 889 1394 969 Dei,
1427 899 1458 955 ut
1479 868 1512 956 'et

329 1000 336 1045 Ι
385 993 529 1076 quaedam
552 995 707 1076 proximae
730 992 876 1075 ecclesiae
891 993 1036 1057 miseruut
1052 993 1221 1074 episcopos,
1244 993 1404 1057 nonnullae
1419 1012 1511 1077 prea-

383 1098 508 1182 byteros
532 1105 562 1162 et
585 1096 737 1162 diaconos

329 1301 340 1345 Ι
382 1290 432 1355 xi.
472 1290 601 1354 (iratius
616 1289 706 1354 colaia
720 1307 791 1371 epo,
817 1289 902 1368 quod
916 1289 1042 1352 comites
1059 1306 1143 1352 meos
1159 1287 1304 1353 benevole
1318 1290 1508 1371 suscepistis.

656 1393 803 1456 Solutout
823 1411 881 1456 cos
901 1391 1022 1472 fratres
1043 1394 1077 1454 iu
1104 1393 1235 1455 Troada.

472 1514 558 1590 Quod
588 1521 684 1578 aulem
707 1511 887 1578 ²Philonem
918 1513 1038 1576 Cilicem
1075 1513 1231 1577 diaconum
1261 1514 1380 1594 attinet,
1414 1517 1508 1580 virum

333 1638 341 1697 p
380 1619 541 1697 laudatum,
565 1619 616 1701 qui
639 1626 668 1681 et
691 1612 769 1682 nuuc
784 1619 840 1681 Dei
864 1637 953 1682 causa
977 1618 1045 1680 aauilri
1065 1619 1218 1697 ministrat,
1238 1624 1299 1687 ‚unu
1316 1638 1381 1682 cum
1398 1616 1507 1685 ³llheo

329 1722 338 1787 ι’
379 1724 597 1808 Agathopode,
620 1725 687 1787 viro
711 1724 824 1802 eleeto,
856 1724 906 1805 qui
930 1743 945 1785 a
970 1724 1055 1806 Syria
1078 1741 1125 1785 me
1148 1725 1321 1804 conritatur,
1353 1725 1430 1787 vitae
1452 1714 1507 1788 ress

329 1824 334 1887 r
378 1830 536 1908 nuntians,
569 1828 678 1910 quique
708 1829 793 1891 vobis
822 1813 933 1892 bonum
957 1829 1153 1890 testimonium
1179 1829 1352 1909 perhibent3
1384 1836 1414 1890 et
1446 1847 1505 1910 ego

375 1934 447 1998 Deo
470 1933 582 2018 gratias
605 1952 664 2016 ago
687 1951 742 2015 pro
766 1935 868 2011 vobis,
899 1934 968 2013 quia
991 1933 1056 1995 illos
1080 1935 1270 2012 suscepistis,
1298 1924 1375 1996 sicut
1397 1940 1426 1996 et
1448 1951 1506 1996 vos

358 2027 534 2102 'Dominus
579 2037 617 2100 lis
648 2056 740 2114 vero,
771 2037 821 2116 qui
850 2037 915 2099 iilos
945 2036 1104 2118 ignominia
1138 2035 1319 2114 adiecerunt,
1354 2038 1506 2101 condonet

368 2144 476 2227 gnatia
497 2143 612 2206 Christi.
659 2142 770 2205 Salutat
793 2161 849 2204 vos
873 2141 1000 2202 clrarilas
1024 2139 1146 2210 fratrum
1170 2141 1199 2201 in
1221 2121 1349 2219 Troade,
1373 2141 1453 2203 uode
1475 2148 1506 2204 ot

376 2247 480 2310 scribo
505 2247 589 2309 voluis
612 2265 668 2327 per
691 2243 871 2322 ⁴Burahum,
895 2246 946 2326 qui
969 2246 1075 2319 missus
1099 2252 1146 2307 est
1169 2262 1281 2306 mecum
1308 2245 1344 2306 ab
1368 2244 1504 2327 Ephesiis

376 2359 411 2414 et
444 2351 649 2434 Smyrnaeis,
671 2351 794 2414 honoris
832 2368 931 2412 causa.
980 2349 1113 2412 Houoret
1151 2365 1206 2409 eos
1239 2347 1382 2410 Dominus
1415 2347 1504 2409 Jesus

374 2455 524 2533 Christus,
548 2456 576 2517 iu
593 2475 679 2535 quem
695 2460 816 2536 sperant
832 2473 932 2532 carne,
953 2457 1058 2532 aniana,
1078 2453 1313 2536 fide,cl1aritate,
1325 2452 1503 2515 concordia.

374 2558 484 2623 Vaiete
507 2561 536 2622 iu
561 2559 676 2624 Christo
700 2560 782 2638 Jesu,
803 2560 953 2637 communi
977 2577 1032 2642 spe
1054 2555 1165 2625 nostra.

827 2928 1059 2940 m

697 3144 762 3199 nn
810 3143 1186 3202 suuuuaaos.⁵
1267 3212 1269 3217 ,

464 3291 607 3375 ignatius,
631 3284 705 3370 ⁶qui
729 3295 758 3350 et
774 3286 980 3368 Theophorus,
1004 3276 1150 3352 ecciesiae
1166 3287 1222 3348 uei
1237 3287 1330 3368 patris
1352 3293 1381 3359 et
1401 3287 1502 3351 dilecti

509 3395 582 3457 lesu
606 3393 722 3469 Christi,
747 3410 834 3455 omne
857 3392 967 3454 donum
990 3410 1045 3473 per
1060 3391 1292 3454 misericordiam
1309 3400 1501 3471 consecutae,

508 3501 640 3581 repletae
663 3498 721 3560 lide
744 3506 773 3561 el
795 3499 947 3576 charitate,
974 3492 1076 3572 ⁷uulla
1099 3498 1194 3580 gratia
1217 3496 1384 3573 destitutae,
1409 3490 1500 3557 ⁸lleo

508 3604 716 3666 dilectissimae
740 3610 769 3664 et
792 3598 1006 3679 ⁹sauctiierac,
1030 3607 1176 3683 quaeest
1200 3602 1342 3683 Smyrnae
1364 3599 1393 3661 in
1417 3600 1500 3679 Asia,

508 3712 538 3773 in
560 3715 663 3772 sancto
687 3708 791 3791 spiritu
814 3715 844 3772 et
866 3708 896 3771 in
919 3709 1013 3771 verbo
1036 3706 1093 3768 Dei
1115 3705 1269 3788 plurimam
1291 3704 1425 3767 salutem.

374 3917 466 3984 Syriae
483 3916 586 3968 version
604 3923 654 3968 cto.
674 3913 751 3967 letu-
769 3931 811 3981 pp.
830 3913 873 3976 32,
892 3912 926 3962 42
987 3913 1016 3975 6)
1036 3909 1087 3963 Cir.
1106 3925 1181 3977 snpra
1201 3926 1225 3978 p.
1247 3907 1303 3963 150.
1322 3915 1375 3961 not.
1394 3908 1419 3962 4.

374 4014 403 4058 et
423 3998 579 4070 48.'Corp.
601 4001 681 4070 lgraat.
707 4018 732 4069 p,
751 4000 802 4051 2¹0
821 4007 847 4050 et
865 3999 924 4050 243.
987 4002 1015 4061 'll
1042 3996 1092 4049 Cir.
1119 3997 1130 4048 l
1158 3992 1215 4049 Cor.
1242 3990 1332 4069 1,7='
1353 3994 1414 4044 ὥστε
1439 3990 1501 4059 riade

364 4091 429 4144 ’214
457 4098 483 4142 el
508 4089 568 4140 246.
598 4106 623 4156 p.
649 4089 699 4139 219
728 4096 754 4139 el
780 4087 841 4137 249.
865 4086 925 4138 250.
952 4082 985 4149 ¹rup'
1003 4076 1153 4149 darsp'riodm
1170 4075 1195 4132 ἓν
1212 4081 1297 4146 μηδενὶ
1314 4084 1453 4149 χαρίσματι.

373 4177 554 4230 Armeniacum
572 4175 696 4243 epistolae
715 4174 858 4225 versionem
874 4189 924 4224 ve·
986 4173 1015 4234 8)
1034 4171 1097 4222 Vide
1116 4187 1138 4221 c.
1159 4170 1187 4222 11
1210 4178 1235 4220 ct
1255 4170 1307 4222 12.

372 4271 456 4317 terem
476 4261 557 4341 edidit
575 4265 737 4327 Pnermana,
755 4258 836 4330 ignat.
849 4261 924 4336 epist.
986 4257 1053 4325 9)1.
1073 4275 1097 4311 e.
1117 4273 1183 4327 quae
1199 4244 1302 4310 ennena
1325 4261 1425 4327 resarta
1448 4265 1498 4322 cat,

345 4366 349 4371 ·
374 4347 453 4417 1849.
471 4362 497 4418 p.
515 4345 567 4401 218
585 4357 641 4418 up*
950 4359 1047 4415 eoaque
1063 4349 1141 4416 panai
1155 4360 1251 4417 parere
1263 4346 1376 4404 uidetur·
1402 4346 1498 4423 Paua.
