3659 5209
570 504 572 508 ’
598 532 628 590 ιι.
644 532 831 589 muusnns
849 534 895 589 nu
915 533 990 590 con.
1009 536 1040 590 v.
1058 536 1099 590 u.
1281 509 1285 516 ’
1348 543 1407 607 141

284 716 365 774 eum,
390 698 444 778 qui
464 704 628 778 postquam
651 698 766 759 mortui
788 695 933 774 fueritis,
964 697 1056 761 dubet
1083 705 1266 776 potestatem
1290 699 1412 764 animae

235 850 238 875 ,
284 811 321 865 et
338 803 495 882 corporis,
518 810 553 865 ut
572 803 673 864 mittat
696 802 730 862 in
751 802 924 881 padernum
945 803 1039 882 ipnis.
1084 802 1121 865 Et
1144 802 1268 882 scitote,
1291 803 1410 883 iratres,

235 949 238 985 3
284 906 367 988 quod
399 906 601 989 peregrinatio
634 906 733 968 carnis
763 905 850 988 hujus
882 907 910 967 in
943 906 1001 970 hoc
1030 908 1139 971 mundo
1169 909 1269 971 brevis
1300 915 1346 971 est
1376 927 1412 971 ac

235 1035 236 1042 ¹
284 1012 372 1094 parvi
403 1012 563 1093 tenupuris3
593 1010 752 1092 promissio
782 1016 879 1072 autem
904 1009 1012 1073 Christi
1045 1031 1150 1096 magna
1183 1018 1213 1075 et
1235 1010 1411 1078 admirabilis

235 1160 239 1199 ,
286 1123 343 1195 est,
368 1124 458 1198 atque
480 1115 602 1197 requies
626 1115 715 1178 futuri
738 1115 826 1197 regni
849 1133 885 1177 ac
907 1117 986 1179 vitae
1013 1116 1184 1181 ¹aeternae.
1223 1118 1300 1193 Quid
1323 1119 1412 1200 igitur

234 1267 241 1307 ,
286 1223 425 1287 iaciendo
449 1241 484 1285 ea
508 1222 653 1302 consequi
675 1221 858 1303 poterimus,
890 1221 948 1283 nisi
977 1230 1081 1284 sancte
1107 1223 1250 1304 justeque
1282 1223 1411 1287 vivendo

237 1376 242 1411 ,
286 1347 323 1392 ac
355 1327 526 1410 operando,
558 1333 588 1389 et
620 1325 767 1389 mundana
797 1325 871 1388 haec
899 1331 1037 1408 tanquam
1060 1328 1155 1390 aliena
1177 1326 1324 1410 putando,
1355 1346 1413 1390 neo
1441 1338 1444 1343 '

235 1482 243 1520 ,
286 1434 334 1497 illa
369 1432 637 1514 concupiscendo?
681 1431 755 1495 Dum
790 1431 868 1492 enim
901 1449 938 1493 ea
973 1431 1132 1513 possidere
1163 1433 1411 1516 concupiscimus,

235 1586 244 1626 ,
287 1537 453 1602 excidimus
476 1556 493 1600 a
515 1539 564 1600 via
583 1538 673 1620 justa.
1371 1548 1375 1554 ·

235 1874 249 1926 a
288 1835 334 1898 vt.
380 1835 523 1898 Secutum
546 1852 700 1912 praesens
723 1841 752 1896 ct
777 1831 918 1911 futurum
946 1835 1009 1897 duo
1037 1835 1166 1898 inimici.
1210 1835 1321 1916 Spreta
1344 1835 1411 1916 illo,

475 1939 535 2001 doc
557 1938 730 2019 dilipcmus.
775 1936 875 2000 Aliter
898 1939 986 2003 nullo
1008 1940 1122 2002 solutis
1143 1959 1224 2019 spes.

244 2114 249 2151 Ι
376 2056 453 2124 Dicit
476 2066 573 2124 autam
596 2060 755 2123 Dominus:
788 2055 922 2121 ²nullus
944 2078 1056 2123 seruus
1077 2068 1182 2139 potest
1208 2062 1329 2127 duobus
1350 2065 1412 2128 do·

235 2190 239 2199 ·
285 2167 383 2228 mtnia
401 2167 534 2228 «sevire.
581 2165 612 2228 si
634 2181 691 2227 nos
714 2162 851 2225 volumus
882 2171 912 2227 et
935 2166 1000 2228 Deo
1023 2167 1140 2229 servire
1166 2173 1197 2228 et
1219 2186 1412 2250 mammonae,
1507 2240 1509 2244 ,

239 2300 245 2365 ,-
286 2271 506 2343 incommodum
530 2270 617 2333 nobis
641 2276 695 2332 est.
734 2265 839 2330 ³Nurn
853 2287 934 2350 puae
950 2270 1081 2347 utilitas,
1104 2270 1134 2331 si
1150 2271 1220 2351 puis
1235 2273 1413 2336 uniuersum
1536 2327 1541 2338 .

235 2427 240 2465 Ι
285 2482 347 2546 hoc
382 2482 524 2551 seculum,
551 2486 580 2543 et
615 2480 744 2543 futurum
777 2486 846 2542 sunt
880 2480 940 2543 duo
978 2479 1095 2541 inimici.
1152 2479 1225 2542 lllud
1263 2480 1415 2561 praedicat

284 2587 486 2665 adulterium,
510 2581 727 2667 corruptelam,
757 2585 909 2647 avaritiam
933 2591 964 2647 et
986 2584 1137 2661 lraudem;
1172 2583 1229 2647 huc
1254 2602 1327 2648 vero
1351 2585 1416 2648 istis

284 2692 448 2756 renuntiat.
493 2690 560 2753 Non
585 2709 660 2772 ergo
684 2707 843 2773 possumus
875 2690 1027 2753 amborum
1057 2688 1142 2751 amici
1175 2704 1261 2766 esse;
1294 2694 1416 2770 oportet

284 2803 407 2874 autem,
437 2802 469 2858 ut
485 2795 539 2858 illi
568 2795 788 2872 valedicentes,
821 2795 878 2857 huc
910 2790 1062 2857 ⁴utamur.
1109 2791 1275 2856 ⁶Putemus
1308 2794 1413 2857 melius

273 2921 378 2981 esse,
402 2919 479 2982 quae
502 2900 548 2961 hic
571 2907 657 2980 sunt,
687 2899 803 2977 odisse,
833 2900 900 2981 quia
924 2917 1017 2981 parva
1041 2904 1070 2959 ct
1093 2897 1195 2980 exigui
1218 2898 1360 2981 temporis
1384 2905 1415 2961 et

286 3006 475 3089 corruptioni
499 3006 630 3069 obnoxia
653 3010 738 3079 sunt3
769 3003 816 3064 illa
847 3010 944 3066 autem
977 3003 1116 3086 diligere,
1146 3008 1249 3084 utpote
1275 3004 1354 3066 bona
1386 3011 1416 3068 et

285 3115 471 3193 incorrupta.
515 3110 671 3173 Facientes
705 3112 782 3174 enim
818 3109 1002 3170 voluntatem
1038 3106 1162 3186 Christi,
1197 3109 1332 3190 requiem
1364 3109 1416 3172 in-

286 3217 446 3280 veniemus
454 3235 464 3291 3
487 3215 534 3278 sin
556 3215 669 3294 minus,
692 3214 763 3277 nttss
787 3232 843 3276 nos
866 3215 902 3297 ab
926 3220 1049 3277 aeterno
1074 3213 1218 3296 supplicio
1243 3192 1366 3297 eripiet,
1389 3217 1415 3278 si

286 3321 432 3384 mandata
450 3319 528 3382 illius
551 3319 791 3383 condemnamus.
838 3318 915 3380 Dicit
930 3318 1007 3380 enim
1024 3318 1174 3400 Scriptura
1194 3319 1223 3380 in
1239 3319 1415 3383 Ezechielis:

287 3422 351 3491 ⁶ai
373 3426 438 3489 Noc
460 3425 567 3489 erdod
592 3424 754 3487 etDoniel
775 3430 950 3504 resur-paor,
974 3442 1038 3486 non
1061 3431 1170 3485 erdem
1191 3424 1306 3488 liberos
1328 3444 1415 3504 suos,

288 3531 347 3614 qui
362 3541 436 3595 aunt
450 3531 688 3611 immprobitate.
733 3528 848 3604 Quodsi
869 3534 1027 3609 tantopere
1041 3527 1116 3610 justi
1135 3527 1191 3590 viri
1209 3547 1269 3591 nun
1289 3533 1417 3609 possunt

284 3635 413 3719 justitiis
435 3636 497 3699 suis
521 3653 631 3698 eruere
652 3634 764 3696 liberos
786 3650 874 3712 suos,
906 3650 981 3712 nos,
1013 3633 1071 3696 nisi
1093 3633 1235 3714 baptisma
1256 3651 1364 3714 purum
1387 3638 1417 3695 et

288 3741 510 3803 immaculatum
533 3740 765 3816 servaverimus,
788 3757 846 3819 qua
866 3737 1045 3801 confidentia
1065 3737 1237 3800 intrabimus
1257 3737 1286 3798 in
1302 3738 1417 3819 regiam

288 3845 375 3908 Dei?
419 3845 481 3909 Aut
504 3843 757 3926 quis‘advocatus
780 3851 886 3908 noster
910 3843 975 3922 etit,
998 3842 1024 3906 si
1040 3862 1101 3907 non
1117 3842 1302 3915 inveniamur
1323 3858 1416 3923 opera

287 3950 341 4031 pia
366 3955 396 4011 et
412 3951 494 4032 justa
518 3947 686 4012 habentes?
1389 3938 1393 3943 ’

904 4292 934 4360 6)
952 4290 1047 4345 Enoch.
1069 4291 1111 4357 ld,
1132 4289 1173 4343 14.
1191 4288 1233 4344 20.

285 2376 433 2439 mundum
456 2376 610 2451 lucretur,
636 2374 770 2436 animam
794 2381 896 2436 autem
918 2374 1099 2438 detrimento
1128 2374 1275 2455 officiat?
1319 2378 1412 2460 Porro
1515 2413 1520 2421 ·
