3659 5209
658 553 837 608 sedunens
854 554 1023 615 aristote·
1050 556 1114 612 VID.
1131 557 1173 612 ix.
1296 566 1301 573 ·
1431 566 1470 630 21
1535 575 1542 588 .

351 721 421 778 sunt
451 716 488 793 ii,
520 716 570 795 qui
592 714 807 781 Dominumad
831 733 937 776 necem
964 715 1152 779 obtulerunt..
1189 717 1274 782 ¹Sed
1304 739 1380 784 nunc
1412 740 1471 785 non

351 819 478 900 amplius
502 827 571 881 sunt
594 820 648 881 viri
672 816 930 900 ²ncquam‚·nee
959 820 1082 899 amplius
1108 839 1162 901 pro
1187 825 1391 902 peccatoribus
1415 808 1472 887 iia·

351 925 470 984 bentur.
515 924 600 985 Pueri
627 941 704 984 vero
728 930 926 1004 aspergentes
951 928 1034 999 sunt,
1068 926 1118 1004 qui
1148 926 1356 989 nuntiaverunt
1386 931 1471 992 nobis

350 1027 560 1089 remissionem
579 1032 792 1107 peccatorum,
817 1034 846 1087 et
869 1026 1102 1107 purificationem
1126 1027 1242 1105 cordis,
1266 1030 1371 1108 quibus
1394 1031 1472 1095 dedit

350 1131 502 1212 evangeiii
524 1128 713 1212 praedicandi
738 1136 931 1211 potestatem3
955 1133 1065 1210 quique
1085 1137 1154 1192 sunt
1174 1131 1347 1210 duodecim,
1371 1134 1398 1195 in
1417 1137 1473 1197 tri·

350 1236 442 1296 buum
466 1236 682 1312 testimonium,
713 1235 781 1314 qnia
805 1235 881 1314 apud
905 1233 1054 1296 israelitas
1081 1234 1238 1297 duodecim
1263 1243 1347 1298 erant
1370 1239 1472 1301 tribus.

348 1339 390 1400 At
409 1358 461 1400 cur
480 1345 540 1402 tres
558 1339 644 1420 pueri
664 1339 885 1420 aspergentes?
922 1338 1035 1418 Nempe
1052 1340 1080 1399 in
1100 1340 1303 1401 testimonium·
1315 1339 1473 1403 Abrahami

349 1451 382 1504 et
405 1442 496 1505 isaaci
520 1449 549 1523 ct
570 1443 693 1517 Jacobi;
726 1441 804 1520 qood
833 1442 853 1502 ii
880 1443 978 1522 magni
1006 1442 1114 1504 inerint
1140 1460 1241 1504 coram
1266 1443 1339 1504 Deo.
1385 1440 1474 1505 ³Cur

348 1564 427 1607 vero
453 1546 518 1606 lana
545 1547 574 1608 in
601 1546 684 1625 ligno
709 1540 875 1628 [baculo]?
921 1544 995 1617 Onia
1025 1547 1053 1607 in
1084 1546 1166 1627 ligno
1188 1545 1279 1608 iesus
1312 1547 1472 1607 dominium

348 1668 436 1712 suurn
461 1655 559 1726 tenet,
582 1651 668 1731 eujus
687 1667 791 1725 causa,
817 1649 866 1727 qui
887 1649 915 1711 in
937 1649 1014 1711 iilum
1034 1656 1171 1728 sperant,
1195 1652 1298 1712 vivent
1317 1651 1346 1710 in
1367 1658 1472 1711 aeter-

348 1773 429 1816 num.
461 1752 560 1825 Quare
576 1760 673 1815 autem
689 1752 774 1814 simul
789 1752 882 1813 lanam
900 1759 930 1813 et
945 1752 1131 1834 hyssopum?
1164 1755 1311 1828 Quoniam
1328 1755 1356 1816 in
1372 1771 1470 1836 regno

348 1858 428 1920 iilius
440 1864 526 1919 erunt
538 1857 602 1918 dies
613 1856 680 1918 mali
692 1874 726 1917 ac
737 1855 859 1932 sordidi,
873 1857 901 1917 in
913 1857 1020 1935 quibus
1032 1875 1087 1918 nos
1099 1859 1297 1922 servabimus:
1311 1855 1470 1938 ⁴quando·

347 1962 479 2042 quidem,
502 1963 551 2041 qui
574 1978 703 2040 corpore
727 1963 871 2039 aegrotat,
894 1979 910 2018 a
935 1960 1073 2019 sordibus
1096 1978 1148 2040 per
1164 1963 1325 2042 hyssopum
1340 1971 1468 2024 curatur.

346 2065 393 2127 Et
409 2073 533 2145 propter
555 2064 630 2139 hoc,
658 2080 734 2141 quae
758 2062 796 2121 ita
817 2079 851 2121 se
874 2060 999 2136 hahent,
1024 2063 1108 2122 nobis
1132 2064 1282 2127 manifesta
1306 2073 1390 2143 sont,
1406 2065 1468 2129 'iliis

348 2144 508 2252 [iudaeis]
532 2172 628 2228 autem
652 2167 788 2242 obscura,
812 2165 879 2244 qnia
903 2181 966 2226 non
988 2163 1142 2226 audierunt
1165 2185 1269 2228 vocem
1292 2167 1417 2250 Domini.

347 2356 400 2419 IX.
445 2356 493 2417 De
523 2356 763 2440 circumcisione
792 2357 881 2417 our-is
911 2364 941 2416 et
961 2356 1090 2432 cordis,
1120 2364 1151 2417 et
1172 2355 1211 2416 de
1234 2355 1470 2423 circumcisione

759 2463 864 2542 typico
881 2459 1062 2521 Adroiaeomi.

438 2577 612 2661 ⁵Loquitur
642 2596 735 2660 porro
767 2579 912 2660 scriptura
944 2579 982 2641 de
1011 2582 1132 2644 auribus
1158 2581 1289 2653 nostris,
1320 2578 1470 2660 quomodo

349 2704 402 2749 eas
425 2691 454 2747 et
476 2703 530 2747 cor
552 2690 685 2747 nostrum
718 2685 932 2746 circumciderit
956 2686 1108 2746 Dominus.
1152 2684 1203 2747 Ait
1225 2685 1368 2746 Dominus
1392 2682 1470 2765 apud

348 2790 540 2870 Prophetam:
565 2785 749 2872 fiinloudito
767 2789 856 2869 uaris
876 2787 1060 2851 obedierunt
1074 2789 1158 2851 midi.
1194 2788 1231 2849 Et
1253 2790 1358 2850 iterum
1383 2787 1469 2849 dicit:

352 2889 489 2957 ⁷aactuo
512 2893 660 2968 audient,
691 2895 743 2972 qui
769 2894 858 2972 doape
882 2885 1013 2965 odsuot;
1044 2912 1124 2972 quae
1152 2892 1233 2970 feci,
1264 2893 1373 2954 scient.
1416 2890 1468 2953 Ei:

348 2994 587 3060 ⁸circumcidite
603 2997 704 3066 cordo
720 3005 836 3074 oestro,
856 2998 902 3058 ait
919 2998 1070 3060 Dominus.
1115 2998 1150 3060 Et
1166 3014 1271 3058 rursus
1287 2997 1342 3057 ait:
1367 2991 1468 3057 ⁹cudi

347 3103 470 3178 Isroei,
504 3102 582 3163 hoec
613 3101 690 3163 dicit
711 3102 871 3177 'Dominus
902 3102 989 3172 Deus
1023 3110 1101 3162 titos.
1146 3100 1315 3180 iterumque
1346 3101 1468 3181 spiritus

347 3206 466 3269 Domini
488 3205 661 3286 prophetat:
696 3202 805 3285 Decio
829 3215 893 3277 eat,·
918 3207 971 3284 poi
994 3207 1059 3267 onii
1081 3206 1184 3266 vivere
1207 3205 1241 3265 in
1260 3195 1468 3282 perpetuom?

348 3311 521 3373 Auditicne
541 3310 657 3370 oudini
669 3329 773 3371 vocem
793 3310 853 3388 filii
870 3311 937 3371 mei.
976 3310 1012 3370 Et
1031 3312 1135 3370 iterum
1152 3308 1237 3371 dicit:
1267 3307 1287 3345 ¹¹
1301 3311 1376 3371 cadi
1394 3328 1467 3370 coe·

349 3418 422 3492 ium,
440 3413 613 3476 cicuribus
629 3414 754 3493 percipe
772 3422 868 3490 terro,
887 3415 962 3493 puio
983 3412 1005 3450 '¹²
1017 3415 1103 3475 Deus
1120 3414 1242 3476 locatus
1261 3421 1315 3475 est.
1353 3409 1469 3474 ¹³Haeo

347 3524 377 3583 in
402 3519 608 3582 testimonium.
643 3518 820 3599 Rursusque
836 3519 893 3580 ait:
919 3516 1065 3580 “cadite
1090 3517 1214 3579 ceriam
1233 3516 1361 3579 Domini
1375 3514 1469 3594 prin·
1558 3507 1561 3514 ’

348 3626 436 3703 cipes
456 3623 567 3703 populi
590 3624 691 3702 tejas.
728 3622 765 3684 Et
788 3623 899 3685 adhuc:
929 3619 952 3663 ¹⁵
966 3623 1070 3684 cudite
1083 3622 1142 3700 sitii
1160 3638 1267 3683 uocem
1288 3621 1471 3681 clamentem

347 3732 382 3792 in
405 3730 538 3792 deserto.
583 3727 665 3809 Ergo
681 3729 869 3813 circumcidit
897 3745 986 3790 aures
1001 3769 1003 3772 -
1017 3733 1153 3803 nostras,
1175 3731 1215 3795 ,ut
1245 3721 1345 3786 audito
1378 3722 1471 3784 verbo

345 3933 456 3986 involvit
483 3933 677 3986 admonitionem
702 3935 732 3986 nd
760 3937 896 3987 circumci-
962 3932 1005 3994 12)
1023 3930 1062 3982 ΑΙ.
1081 3924 1162 3997 adpwc.

345 4022 448 4074 sionem
467 4023 580 4075 audoin.
646 4070 649 4078 ,
899 4070 903 4075 ,
961 4018 1006 4080 13)
1019 4018 1058 4068 Sc.
1071 4013 1407 4071 circumcisioniecuriun
1418 4012 1473 4062 Deo

383 4111 414 4173 8)
432 4106 484 4160 ier.
505 4109 530 4160 4.
549 4108 574 4165 4.
833 4133 868 4172 g
925 4116 1053 4175 acceptae.
1436 4103 1448 4112 ”

381 4197 414 4263 a)
431 4193 483 4246 ter.
501 4193 534 4258 r,
553 4195 577 4247 2.
631 4236 639 4246 ,
878 4224 883 4231 -
963 4193 1007 4252 rm
1026 4191 1083 4242 un.
1104 4190 1128 4253 i,
1149 4187 1188 4238 10.

368 4281 432 4346 ,10)
452 4279 492 4332 Pe.
511 4279 560 4343 33,
581 4278 622 4330 13.
961 4280 1006 4344 15)
1024 4278 1080 4329 isai.
1101 4276 1145 4338 40,
1164 4272 1188 4324 ³.

384 4367 431 4431 11)
450 4364 506 4418 lsai,
528 4366 551 4429 1,
570 4365 594 4416 2.
682 4374 684 4378 ’
1050 4354 1052 4357 ’

1463 4504 1582 4658 Ι
