3659 5209
664 561 684 613 1.
704 557 894 614 clamanus
915 559 960 612 nn
981 561 1054 615 con.
1073 561 1125 614 xx.
1419 565 1462 630 83

340 804 409 867 XX.
449 805 559 867 Pacem
581 812 612 867 et
632 807 833 868 concordiam
855 824 876 866 c
891 805 959 867 Deo
983 806 1096 880 ornari,
1120 806 1287 867 harmonio
1307 808 1413 868 mandi
1435 817 1466 870 ct

343 912 426 974 ordo
442 919 572 973 nctnrac
588 911 779 973 demonstrat
784 926 798 984 ;’
818 911 902 972 ande
919 910 1017 970 molto
1036 909 1128 970 nobie
1148 908 1290 986 adfluunt
1307 910 1464 989 beneficia.
1547 957 1552 975 .

435 1031 527 1109 Coeli,
550 1032 767 1113 gubernatione
791 1033 857 1112 ejus
882 1031 1028 1107 commoti,
1053 1030 1082 1090 in
1106 1048 1180 1110 pace
1205 1031 1232 1090 ei
1253 1031 1464 1112 subjiciuntur3

344 1135 411 1198 dies
435 1135 521 1195 etiam
545 1141 574 1196 et
596 1153 674 1212 nox,
705 1135 786 1197 nullo
818 1134 873 1196 sibi
903 1135 1029 1194 invicem
1058 1134 1285 1214 impedimento,
1319 1138 1467 1222 constitu-

343 1244 405 1301 tum
431 1241 466 1300 ab
490 1256 528 1300 eo
552 1256 669 1300 cursum
694 1239 859 1300 absolvunt.
906 1238 1009 1301 Solet
1036 1236 1121 1314 luna,
1154 1244 1184 1298 et
1213 1238 1343 1300 siderum
1374 1238 1467 1316 ebori,

344 1341 509 1404 secundum
533 1344 599 1424 ejus
622 1341 806 1419 mandalum,
838 1342 902 1403 sine
934 1341 994 1403 ullo
1019 1359 1142 1418 errore,
1174 1343 1203 1401 in
1227 1343 1388 1405 concordia
1412 1343 1469 1403 sibi

344 1449 522 1508 constitutas
559 1446 770 1527 dispositiones
809 1446 960 1508 evolvunt.
1018 1445 1111 1506 Terra
1145 1446 1268 1528 gravida
1305 1447 1469 1508 secundum

345 1552 413 1633 ejus
444 1550 622 1612 voluntatem
654 1551 716 1611 suis
749 1551 931 1630 temporibus
954 1549 1138 1627 hominibus,
1172 1549 1245 1610 seris
1269 1556 1298 1611 et
1322 1552 1468 1627 omnibus,

345 1673 538 1737 quaesuper
561 1674 624 1716 eam
648 1661 732 1732 sunt,
766 1655 979 1730 animantibus,
1012 1653 1178 1714 alimentum
1202 1655 1231 1714 in
1268 1652 1469 1715 'abundantia

344 1758 478 1839 profert,
509 1771 569 1821 uo'n
592 1759 758 1837 haesitanS,
792 1777 892 1840 neque
916 1766 1032 1820 mutans
1056 1758 1214 1838 quidquam
1238 1777 1359 1838 eorum,
1392 1776 1469 1838 quae

345 1863 382 1925 ab
415 1863 466 1926 illo
500 1864 619 1927 decreta
649 1871 726 1927 sunt.
774 1864 967 1948 ‚Abyssorum
999 1862 1234 1941 investigabilia,
1268 1871 1298 1924 et
1328 1863 1469 1943 prolundi

345 1967 562 2028 inenarrabiles
585 1964 808 2028 ²institutiones
832 1964 970 2026 ³eisdem
986 1964 1102 2044 legibus
1119 1966 1313 2027 continentur.
1348 1964 1468 2029 ⁴lloles

344 2072 482 2132 immensi
504 2071 610 2146 maris,
632 2088 688 2149 per
713 2055 937 2131 ordinationem
954 2067 1019 2148 ejus
1044 2067 1072 2127 in
1096 2068 1230 2129 cumulos
1253 2078 1469 2151 coagmentata,

346 2171 587 2252 ⁵circumposila
620 2172 676 2234 sibi
708 2172 836 2234 claustra
869 2191 929 2235 uon
965 2173 1199 2254 transgreditur,
1234 2175 1287 2237 scd
1320 2184 1409 2257 prout
1442 2179 1470 2239 ei

343 2278 517 2361 praecepit,
541 2279 579 2339 ita
603 2275 679 2338 facit.
725 2276 806 2339 Dixit
829 2278 925 2340 euim:
957 2274 1046 2340 ⁶lmc
1069 2297 1165 2357 neone
1188 2278 1310 2355 venies,
1335 2289 1365 2340 ct
1386 2281 1420 2339 in
1443 2289 1471 2342 tc

345 2383 419 2461 ipso
442 2388 641 2444 caederentur
663 2378 777 2469 tinctae
800 2381 854 2444 toi.
902 2375 1258 2446 ⁷Oceanus‘lrominibus
1290 2384 1471 2463 impermea-

345 2487 432 2564 bilis,
457 2487 558 2567 etqui
581 2492 662 2550 trans
685 2486 781 2567 ipsum
804 2494 873 2549 sunt
895 2488 1012 2564 mundi,
1036 2485 1148 2548 eisdem
1173 2486 1288 2547 Domini
1311 2480 1471 2572 ⁸disposi-

346 2590 478 2653 tionibus
501 2592 714 2672 gubernantur.
752 2591 880 2669 Vernae,
903 2593 1047 2668 aestivae,
1071 2590 1254 2653 autumnales
1271 2598 1301 2652 et
1316 2591 1470 2671 hyemales

350 2700 543 2774 tempestates
570 2695 599 2756 in
630 2713 704 2777 pace
732 2695 808 2756 aliae
834 2695 898 2758 aliis
922 2694 1096 2759 succedunt.
1142 2694 1304 2755 Ventorum
1328 2694 1472 2755 stationes

349 2784 495 2879 peculiari
526 2813 582 2860 suo
613 2806 747 2880 tempore
778 2815 884 2860 munus
916 2816 1002 2861 suum
1033 2800 1099 2860 sine
1132 2797 1310 2860 offendiculo
1344 2797 1471 2871 obeunt3

350 2900 452 2964 fontes
477 2902 562 2962 etiam
586 2920 754 2982 perennes,
777 2901 814 2964 ad
837 2920 921 2963 usum
946 2910 976 2964 et
998 2904 1153 2964 sanitatem
1177 2900 1261 2977 lacti,
1292 2901 1385 2961 ubera
1408 2899 1473 2960 sine

351 3004 472 3067 defectu
494 3004 530 3066 ad
555 3006 643 3067 vitam
665 3003 814 3068 hominum
837 3007 1059 3068 sustentandam
1089 3005 1232 3087 praebent
1241 3025 1250 3080 3
1281 3008 1310 3064 et
1338 3003 1472 3066 animalia

350 3110 470 3172 minima
493 3109 522 3170 in
545 3126 620 3188 pace
643 3116 672 3171 et
694 3111 856 3172 concordia
879 3117 983 3172 coetus
1006 3128 1079 3172 suos
1102 3108 1222 3170 faciunt.
1267 3108 1348 3170 Haec
1367 3106 1471 3167 emnia

350 3230 481 3295 magnus
500 3213 602 3293 opilex
625 3219 655 3274 et
678 3213 806 3275 omnium
830 3214 972 3277 Dominus
995 3217 1025 3277 in
1052 3233 1127 3296 pace
1159 3218 1189 3275 et
1219 3211 1378 3275 concordia
1407 3211 1472 3272 fieri

346 3317 456 3398 jussit,
476 3315 668 3380 benefaciens
693 3318 846 3396 omuibuS,
861 3318 1145 3398 ‘superabundanter
1168 3323 1265 3379 aulem
1288 3317 1390 3393 uobis,
1422 3314 1472 3393 qui

350 3417 389 3480 ad
412 3419 617 3482 miserationes
641 3423 707 3504 ejus
731 3421 930 3503 confugimus,
953 3439 1009 3502 per
1023 3421 1179 3483 Dominum
1195 3419 1298 3482 lesum
1314 3419 1472 3496 Christum,

349 3517 429 3586 ⁹cui
451 3523 548 3605 gloria
572 3530 602 3587 et
624 3529 763 3609 majestas
785 3526 816 3588 in
838 3525 940 3589 secula
962 3523 1142 3587 seculorum.
1186 3523 1291 3586 Amen.

347 3852 485 3918 scripsisse
508 3850 649 3919 κρύμματα,
677 3856 795 3906 occultae
812 3868 895 3906 aora-
959 3852 988 3915 7)
1007 3854 1087 3905 Clam.
1097 3853 1172 3904 Alce.
1182 3849 1272 3900 strom.
1284 3847 1313 3913 V,
1325 3848 1364 3897 12.
1374 3864 1400 3914 p.
1411 3845 1470 3897 693.

346 3941 425 4008 circu
445 3939 508 4003 (vox
527 3937 629 3991 Graecis
647 3938 780 4004 insoleus).
808 3937 897 3990 lunius
958 3937 987 4002 8)
1005 3936 1033 3988 t.
1056 3935 1178 4004 ἐπιταγαῖς
1200 3935 1242 3988 vel
1266 3931 1389 4001 darayaie
1411 3935 1469 3982 Jcn.

347 4031 375 4077 ot
393 4022 436 4075 alii
455 4024 549 4076 malunt
567 4022 669 4086 nuncia,
688 4027 784 4091 undae.
923 4025 1003 4076 Facu.

383 4110 414 4177 3)
434 4109 512 4162 Nolle
523 4109 632 4175 'conjicit
649 4105 735 4171 αὐτοῦ,
758 4110 810 4162 scil.
830 4111 897 4159 θεοῦ.
954 4109 989 4176 D)
1007 4109 1063 4160 Non
1082 4109 1162 4161 solum
1184 4110 1208 4159 in
1233 4109 1297 4170 line,
1323 4104 1369 4156 sed
1394 4107 1421 4151 et
1444 4099 1470 4148 in

383 4196 414 4263 4)
434 4194 497 4248 Gen.
518 4194 542 4260 l,
562 4196 586 4247 9.
925 4195 1010 4246 modio
1024 4196 1147 4263 epistolae
1159 4211 1221 4245 suae
1232 4193 1256 4244 S.
1267 4191 1386 4268 Clemens
1398 4198 1470 4236 moro

382 4282 416 4350 5)
433 4281 493 4335 lob.
513 4282 556 4346 38,
577 4280 616 4333 10.
653 4279 693 4332 Pu.
715 4280 772 4345 103,
792 4281 816 4332 9.
865 4302 867 4307 ’
925 4280 1067 4333 dlvl'Paull
1084 4279 1211 4347 δοξολογίᾳ
1229 4281 1313 4331 ulitur,
1366 4288 1368 4292 '

382 4368 415 4436 6)
433 4366 491 4420 tob.
512 4367 554 4430 38,
578 4367 618 4417 11.

1117 4435 1262 4517 w,

1470 4544 1596 4658 Ι
