3659 5209
572 556 591 612 r.
610 550 793 610 cremanus
811 554 856 608 nu
876 552 951 609 con.
969 546 1087 608 rmxvn
1105 526 1235 610 murm.
1402 562 1463 627 105
1502 542 1507 548 '

334 793 485 866 XXXVII.
527 803 669 866 Christus
692 805 759 867 doec
782 811 898 880 noster,
923 821 982 865 nos
997 802 1111 866 milites
1127 806 1214 884 epus,-
1236 805 1364 884 quilibet
1378 826 1474 870 saum

372 909 517 971 ordinem
539 915 569 969 et
588 909 755 970 stationem
776 927 867 970 suom
891 908 1043 985 observet,
1067 916 1102 969 ut
1122 909 1258 971 membro
1281 913 1432 988 corporis.

435 1028 615 1091 ¹Mititemus
646 1030 754 1112 igitur,
784 1030 842 1092 viri
869 1028 997 1107 tratres,
1028 1029 1164 1092 omnibus
1193 1031 1306 1093 viribus
1336 1032 1390 1092 sub
1418 1032 1468 1094 in·
1545 1094 1548 1107 ,

338 1133 470 1215 culpatis
494 1135 559 1216 ejus
582 1128 760 1214 praeceptis.
799 1119 1031 1197 Consideremus
1054 1137 1172 1215 milites,
1197 1137 1247 1216 qui
1269 1137 1325 1199 sub
1346 1137 1469 1200 ducibus

338 1239 455 1302 nostris
478 1244 611 1315 merent,
636 1256 723 1316 quam
748 1238 901 1316 ordinate,
925 1257 1009 1314 quam
1033 1236 1259 1319 ¹0bedienter,
1284 1258 1371 1322 quam
1395 1242 1471 1303 sub-

339 1345 435 1406 misse
457 1343 599 1422 imperata
623 1349 820 1423 exequantur.
865 1342 934 1404 Non
958 1360 1062 1405 crines
1086 1352 1154 1406 sunt
1177 1345 1338 1426 praetecti,
1372 1363 1472 1425 neque

341 1447 541 1524 chiliarchae,
574 1464 672 1526 neque
703 1447 914 1524 centuriones,
946 1448 1045 1527 neque
1078 1449 1343 1531 quinquagenarii,
1377 1455 1406 1510 et
1428 1449 1473 1510 sic

341 1553 507 1632 deinceps3
538 1548 772 1632 ³unusquisque
797 1569 870 1613 vero
894 1552 924 1612 in
948 1563 1005 1614 suo·
1028 1552 1134 1615 ordine
1159 1536 1193 1614 ¹et
1219 1555 1364 1632 statione,
1395 1572 1472 1633 quac

342 1670 462 1739 arege
484 1663 513 1719 et
537 1656 660 1719 ducibus
683 1657 880 1737 imperantur,
912 1656 1038 1738 peragit.
1083 1656 1183 1739 Magni
1206 1657 1271 1720 sine
1294 1659 1410 1738 parvis,
1443 1665 1473 1719 et

341 1761 430 1844 parvi
453 1762 518 1823 sine
541 1761 656 1841 magnis
680 1761 847 1822 consistere
878 1767 1031 1840 nequeunt
1040 1754 1064 1836 ;'
1081 1762 1164 1822 mixti
1193 1768 1261 1824 sunt
1291 1779 1412 1840 omnes,
1443 1768 1475 1823 et

342 1866 417 1929 inde
451 1882 532 1927 usus.
577 1864 722 1946 Exemplo
758 1865 846 1928 nobis
881 1866 918 1926 sit
949 1882 1060 1944 corpus
1093 1870 1235 1927 nostrum.
1281 1864 1375 1947 Caput
1405 1867 1472 1927 sine

342 1969 472 2052 pedibus
495 1969 567 2030 nihil
590 1975 645 2048 est,
667 1976 763 2049 prout,
780 1987 880 2047 neque
903 1967 997 2048 pedes
1020 1968 1086 2029 sine
1102 1969 1212 2048 capite3
1235 1970 1352 2033 minima
1376 1976 1474 2033 autem

344 2078 484 2159 corporis
514 2076 610 2138 nostri
641 2075 773 2136 membra
803 2075 947 2136 universo
979 2073 1099 2152 corpori
1129 2073 1301 2135 necessaria
1334 2080 1362 2134 et
1393 2074 1474 2135 utilia

343 2189 427 2244 sunt.
474 2176 594 2240 ¹lmmo
618 2184 723 2239 cuncta
748 2178 935 2259 conspirant,
967 2183 1078 2240 etune
1101 2176 1265 2256 eademque
1288 2177 1474 2260 subjectione

344 2286 384 2350 ad
411 2285 672 2347 conservationem
695 2284 784 2346 totius
808 2283 944 2366 corporis
968 2287 1099 2346 utuntur.

346 2579 506 2644 XXXVIII.
544 2580 721 2660 subjiciunt
735 2600 769 2643 ee
784 2581 920 2642 membro
935 2579 1096 2656 ecelesiae,
1119 2585 1151 2639 et
1164 2596 1252 2639 nemo
1268 2593 1302 2637 se
1324 2573 1474 2647 catullo&

569 2705 641 2748 dom
663 2686 767 2748 omnio
790 2685 875 2747 bono
899 2685 1051 2747 divinitus
1072 2683 1255 2762 occepimus.

442 2807 587 2873 Servetur
609 2809 708 2888 itaque
732 2825 841 2890 corpus
864 2814 999 2871 nostrum
1021 2807 1051 2867 in
1075 2805 1192 2866 Christo
1216 2803 1299 2880 lesu,
1328 2807 1357 2864 et
1379 2818 1476 2862 unus-

349 2913 480 2994 quisque
502 2913 640 2993 proximo
665 2931 721 2975 suo
746 2910 948 2994 ⁵subjiciatur
973 2913 1059 2992 juxta
1089 2909 1240 2986 ordinem,
1271 2908 1301 2967 in
1332 2923 1392 2985 quo
1422 2922 1477 2985 per

351 3017 478 3101 gratiam
504 3018 569 3098 ejus
592 3017 707 3096 positus
732 3022 785 3078 est.
830 3016 928 3078 Fortis
952 3033 991 3075 ne
1014 3011 1174 3094 ⁶negligat
1197 3011 1390 3086 imbecillem,
1417 3009 1476 3068 im.-

351 3122 468 3183 beciltis
492 3119 599 3182 fortem
619 3127 812 3197 revereatur3
838 3121 922 3182 dives
939 3120 1062 3200 pauperi
1079 3118 1231 3208 largiatur,
1253 3131 1367 3196 pauper
1383 3113 1477 3174 Deum

351 3224 471 3300 laudet,
509 3224 589 3304 quod
621 3225 649 3286 ei
684 3225 816 3303 dederit,
851 3242 907 3304 per
941 3241 1029 3303 quem
1064 3223 1130 3304 ejus
1163 3221 1260 3301 inopia
1297 3218 1477 3298 suppleatur.

356 3324 506 3410 ¹Sapiens
530 3347 590 3391 uon
614 3331 643 3391 in
667 3331 768 3392 verbis
780 3325 802 3408 ⁸,
827 3329 881 3391 sed
899 3328 1031 3390 inbonis
1048 3326 1190 3406 operibus
1206 3324 1377 3405 sapientiam
1394 3339 1478 3382 suam

355 3434 525 3505 manifestet
532 3454 542 3510 ;
573 3429 717 3495 ⁹bumilis
740 3452 801 3496 non
824 3434 879 3494 sibi
903 3432 1102 3493 testimonium
1126 3430 1218 3507 terat,
1249 3427 1303 3489 sed
1325 3429 1361 3487 ab
1385 3427 1479 3486 altero

356 3540 412 3602 sibi
436 3538 511 3599 terri
533 3538 617 3600 sinat.
665 3533 688 3574 ¹⁰
703 3539 759 3612 Qui
782 3556 873 3600 carne
897 3544 995 3598 castus
1020 3539 1083 3613 est,
1115 3532 1138 3570 ¹¹
1153 3553 1192 3595 ne
1214 3532 1392 3606 insolescat,
1415 3544 1480 3588 cum

392 3695 419 3757 7)
450 3691 563 3744 Citantur
592 3692 654 3743 haec
680 3707 693 3743 a
722 3695 801 3748 clem.
829 3695 904 3745 Ales.
933 3691 1127 3757 ettlieronqmi
1143 3679 1480 3751 (coutralovinian,bib.l.

355 3780 449 3832 Strom.
469 3780 511 3844 lV,
534 3782 571 3830 17.
593 3796 616 3845 p.
636 3780 695 3831 613.
933 3793 956 3826 c.
970 3776 1010 3826 12.
1036 3774 1101 3840 0pp.
1112 3773 1139 3823 Τ.
1151 3773 1179 3824 ll.
1194 3790 1217 3840 p.
1229 3771 1287 3821 258.
1302 3771 1341 3821 ed.
1353 3768 1481 3829 Vallem),

391 3870 419 3929 8)
440 3866 618 3919 nddtt'c‘tem.
639 3869 713 3919 Alex.
732 3863 816 3929 μόνον.
933 3878 979 3929 pro
1010 3861 1158 3928 virginitate
1189 3875 1235 3925 per
1265 3856 1388 3923 epistolas
1424 3867 1481 3904 suas

392 3954 420 4016 9)
442 3951 493 4002 Cir.
516 3951 589 4002 l'rov.
610 3951 652 4013 27,
674 3953 698 4001 2.
934 3948 1033 4000 locutus
1053 3947 1142 3998 luerat.
1173 3950 1230 3997 Jnc.

375 4040 421 4104 10)
442 4037 493 4090 ctr.
508 4036 587 4105 ignat.
602 4039 632 4089 ad
647 4038 731 4104 Polyc.
747 4054 770 4089 c.
785 4037 809 4089 5.
840 4036 907 4087 Tert.
953 4035 997 4097 tt)
1018 4034 1161 4085 blembraua
1181 4033 1265 4083 lacera
1290 4029 1397 4096 spatium
1424 4020 1480 4070 for·

356 4127 390 4178 (le
417 4127 500 4192 virgg.
526 4123 575 4174 vel.
601 4141 622 4173 c.
646 4123 685 4175 13.
723 4124 750 4173 ln
776 4123 825 4173 huc
850 4122 907 4173 loco
935 4121 1000 4170 sitan
1020 4122 1092 4171 trium
1107 4128 1149 4170 aut
1163 4116 1409 4185 quatuorliterarum
1424 4110 1483 4171 posi

332 4225 333 4228 ’
357 4211 504 4265 Cotelerius
523 4210 571 4261 sibi
589 4211 659 4261 visus
679 4217 717 4259 est
731 4210 820 4259 videre
833 4223 908 4258 unum
936 4209 1001 4268 σαρκὶ
1016 4207 1114 4272 linquit,
1129 4204 1195 4271 quod
1208 4201 1282 4253 Nolte
1295 4187 1483 4267 perstando

357 4316 391 4351 ex
415 4296 484 4361 illis,
510 4299 534 4347 in
561 4295 650 4362 quibua
676 4293 810 4369 Clemens,
837 4293 909 4356 juxta
937 4292 1091 4358 expleudum
1109 4297 1188 4358 putat.

356 4384 513 4444 relationem
531 4385 675 4456 Epipbuntt
696 4381 777 4452 (haer.
799 4380 842 4448 30,
863 4380 907 4443 15)
