3659 5209
335 586 365 642 s.
384 553 537 655 ionem]
776 580 1031 639 rnoinoonrnn.
1423 587 1465 643 m

335 743 500 834 φροντίδα
522 739 580 808 δια
601 743 744 830 σπουδῆς
766 735 848 824 ἔχειν
870 734 968 806 αὐτόν
986 739 1092 820 ἀξιῶν.
1136 746 1187 808 His
1211 745 1295 808 dictis
1316 747 1464 811 Eusebius
1506 773 1514 785 ·

338 854 473 936 priorem
497 857 609 934 partem
632 853 735 933 cupitis
759 848 778 914 3
801 850 854 932 Ep.
879 849 915 911 nd
931 849 1047 933 Smyrn.
1071 839 1165 934 (Ἐγώ
1255 847 1464 934 ἐπίστευσαν)

342 956 527 1019 adverbum
552 975 591 1018 ex
612 955 745 1018 breviori
767 954 949 1016 recensione
971 953 1095 1036 profert
1140 954 1187 1017 De
1210 956 1378 1019 testimonio
1401 955 1465 1018 Eu-

344 1061 423 1125 sebii
446 1059 498 1122 cfr.
519 1060 669 1124 Pearson.
693 1058 847 1123 Vindicius
866 1058 896 1119 P.
919 1057 940 1118 1.
963 1075 988 1118 c.
1012 1053 1042 1119 8.

434 1163 464 1247 f)
494 1165 691 1227 Athanasius
712 1160 740 1243 ¹)
770 1179 890 1243 quoque
918 1161 1076 1243 ignatianis
1105 1162 1240 1244 epistolis
1270 1165 1467 1230 testimonium

341 1269 496 1352 perhibet:
518 1253 748 1352 tyronicensis,
772 1261 790 1329 ὁ
811 1260 895 1345 perci
917 1256 993 1336 roric
1012 1254 1227 1339 Ἀποστόίους
1248 1263 1282 1330 ἐν
1297 1257 1470 1354 Ἀντιοχείᾳ

339 1368 558 1447 κατασταθείς
585 1368 780 1447 ἐπίσκοπος,
809 1365 861 1431 καί
888 1366 1012 1456 μάρτυς
1042 1375 1100 1433 τοῦ
1123 1371 1270 1457 Χριστοῦ
1298 1364 1471 1456 γενόμενος,

340 1475 475 1564 γράφου
496 1473 574 1564 περὶ
595 1476 653 1540 τοῦ
675 1471 811 1563 Κυρίου,
833 1470 968 1560 cippum·
996 1464 1063 1552 „sig
1084 1465 1194 1562 ἰατρός
1216 1472 1302 1555 ἐστι,
1325 1475 1473 1565 σαρκικὸς

340 1579 398 1644 καὶ
421 1573 640 1663 πνευματικός,
663 1571 788 1665 γενητὸς
809 1573 860 1640 καί
882 1569 1051 1664 ipimus,
1073 1577 1106 1644 ἐν
1128 1569 1294 1667 α’νθρώπῳ
1319 1578 1416 1660 Θεὸς,
1439 1580 1473 1648 ἐν

341 1682 480 1770 θανάτῳ
502 1679 567 1772 Cur)
589 1682 740 1772 ἀληθινή,
770 1681 824 1747 καὶ
846 1679 880 1747 ἐκ
902 1679 1039 1769 Μαρίας
1059 1681 1111 1747 καί
1133 1679 1167 1747 ἐκ
1190 1684 1303 1748 Θεοῦ.“
1348 1688 1395 1750 Ex
1417 1689 1471 1770 Ep.

342 1793 409 1875 Ign.
442 1792 478 1854 nd
508 1791 617 1873 Ephes.
648 1811 673 1854 c.
697 1791 726 1855 7.
776 1790 822 1852 De
853 1789 1024 1852 testimonio
1055 1790 1207 1853 Athanasii
1237 1791 1291 1855 cir.
1322 1792 1470 1856 Pearson.

342 1897 501 1962 Vindictae
525 1898 555 1959 P.
578 1897 599 1958 1.
623 1917 649 1960 o.
674 1895 703 1959 8.

408 2079 409 2082 ¹
436 1999 476 2082 g)
506 1997 642 2082 Denique
665 1994 955 2078 Hieronymum),
986 1996 1037 2076 qui
1064 1998 1207 2058 nonnisi
1237 2000 1329 2062 verbu
1351 1999 1473 2064 Eusebii

344 2107 509 2186 repetiisse
532 2103 665 2180 videtur,
694 2101 863 2164 audiamus:
897 2099 1057 2180 Ipnatius,
1089 2097 1300 2163 Antiochenae
1323 2106 1473 2168 ecclesiae

347 2191 464 2271 tertius
490 2204 564 2286 post
591 2206 713 2268 Petrum
739 2205 925 2284 Apostolum
952 2195 1135 2284 episcopus,
1166 2218 1370 2270 commonente
1396 2229 1474 2288 per-

345 2313 539 2375 secutionem
573 2311 731 2390 Trojano,
765 2311 932 2372 damnatus
961 2309 1005 2370 ad
1031 2307 1166 2385 bestias,
1195 2308 1326 2371 Romam
1355 2313 1477 2374 cinctus

346 2415 492 2479 mittitur.
540 2394 698 2495 Quumque
731 2414 887 2495 naoipans
916 2413 1081 2494 Smyrnam
1112 2412 1266 2488 venisset,
1299 2413 1353 2475 uhi
1383 2415 1477 2495 Palp-
1509 2480 1512 2487 ,

350 2539 479 2599 carpus,
495 2521 620 2582 auditor
630 2520 777 2597 ioannis,
794 2521 958 2600 episcopus
975 2526 1054 2593 erut,
1070 2517 1202 2595 scripsit
1212 2536 1305 2578 unarn
1317 2519 1478 2597 epistotam

350 2625 396 2686 ud
418 2623 584 2703 Ephesios,
607 2624 739 2686 alteram
762 2624 806 2685 od
824 2623 1060 2711 hiapnesianos,
1085 2621 1207 2682 tertiam
1226 2622 1270 2682 ad
1292 2621 1477 2698 Trattenses,

350 2734 497 2808 quartam
521 2728 565 2789 ad
585 2728 765 2801 Romanam
798 2735 828 2789 et
855 2727 931 2788 inde
960 2725 1123 2804 eprediens
1149 2724 1281 2802 scripsit
1302 2726 1346 2786 ad
1367 2724 1479 2788 Phila-

351 2830 502 2909 delpheos
525 2839 555 2892 et
578 2833 621 2893 ad
642 2830 850 2916 Smyrnaeus,
877 2838 907 2892 et
926 2830 1059 2909 proprie
1084 2830 1127 2891 ad
1149 2829 1372 2912 Polycarpum,
1396 2849 1479 2892 com-

329 3013 330 3017 *
349 2937 504 2999 mentions
525 2936 575 2998 iiii
589 2935 828 3000 Antiochensem
850 2935 1033 3008 ecclesiam;
1055 2935 1089 2996 in
1112 2953 1176 3014 qua
1192 2941 1223 2995 et
1240 2934 1279 2994 de
1294 2932 1479 3013 annpetio,

351 3041 440 3122 quod
462 3059 562 3120 nuper
586 3051 607 3103 a
627 3059 674 3103 me
697 3041 883 3102 translatum
906 3047 963 3117 est,
988 3057 1083 3117 super
1100 3057 1240 3118 persona
1258 3036 1376 3101 Christi
1389 3039 1482 3117 ponit

351 3144 571 3220 testimonium,
596 3145 705 3206 dicens
729 3141 786 3226 (nd
806 3143 922 3225 Smyrn.
946 3161 971 3205 ο.
992 3139 1051 3223 3).·
1072 3142 1164 3222 „Epo
1186 3160 1261 3204 cero
1284 3149 1406 3222 etpost
1427 3160 1480 3202 re-

352 3248 581 3310 surrectionem
596 3247 630 3308 in
646 3266 742 3309 carne
758 3266 824 3310 eum
838 3247 918 3324 vidi,
942 3254 973 3307 et
988 3246 1091 3324 medo,
1114 3248 1189 3326 quia
1203 3247 1253 3309 sit.
1295 3245 1337 3308 hi
1356 3247 1481 3326 quondo

352 3352 443 3415 venit
472 3352 515 3414 nd
544 3351 685 3429 Petrum,
720 3360 751 3414 et
778 3353 822 3414 ad
853 3371 924 3428 eos,
958 3332 1014 3431 pai
1042 3368 1111 3412 eum
1133 3348 1225 3412 Petro
1256 3358 1363 3427 erant,
1398 3350 1485 3412 dicit

354 3455 422 3518 eis:
454 3453 552 3531 Ecce,
585 3457 711 3536 palpate
740 3475 804 3531 me,
839 3464 870 3517 et
898 3455 1020 3530 uidete,
1055 3453 1131 3533 quia
1163 3472 1228 3516 non
1258 3472 1326 3516 sum
1355 3455 1483 3516 daemo-

354 3559 674 3637 niumincarporale.
718 3559 760 3622 he
788 3560 892 3622 statim
923 3558 1088 3638 tetiperunt
1102 3550 1177 3618 'eum
1199 3564 1230 3619 et
1251 3557 1484 3620 crediderunt.“

353 3663 494 3742 Dipnum
516 3645 616 3725 autem
637 3663 776 3741 videtur,
801 3664 877 3743 quia
899 3663 977 3725 tanti
999 3663 1063 3724 oiri
1082 3660 1215 3742 fecimus
1239 3663 1432 3741 mentionem,
1456 3670 1486 3725 et

355 3766 397 3828 de
419 3765 554 3845 epistola
576 3769 665 3846 ejus,
688 3787 780 3848 quom
802 3767 845 3829 ad
865 3767 1025 3830 Romanos
1046 3763 1130 3848 (cop.
1154 3761 1208 3849 V.)
1231 3764 1359 3842 scribit,
1379 3785 1486 3845 pauca

353 3887 497 3948 ponere:
517 3869 590 3946 „De
605 3869 700 3952 Syria
721 3872 854 3952 usque“,
874 3877 931 3934 etc.
949 3877 1005 3933 eto.
1052 3871 1211 3950 Quumque
1226 3871 1298 3950 jam
1320 3871 1486 3933 damnatus

358 3981 443 4036 esset
471 3974 515 4036 ad
543 3975 678 4054 bestias,
710 3977 826 4039 ardore
853 3976 1017 4054 potiendi,
1052 3994 1144 4056 quum
1171 3973 1330 4053 rapientes
1361 3975 1488 4036 audiret

357 4079 485 4154 leones,
524 4078 587 4140 uit:
623 4077 832 4157 „frumentum
869 4079 988 4141 Christi
1019 4098 1106 4156 sum,
1144 4078 1286 4141 dentibus
1317 4078 1488 4139 bestiarum

358 4181 474 4258 molar,
497 4187 533 4268 ut
551 4182 648 4259 panis
668 4184 804 4244 mundus
826 4182 1003 4245 inveniar.“
1048 4178 1114 4264 (Ex
1134 4180 1188 4262 Ep.
1212 4181 1249 4243 ed
1267 4180 1350 4244 Rom.
1372 4195 1397 4239 c.
1419 4171 1487 4255 IV.)

357 4285 480 4348 Passus
502 4292 550 4348 est
571 4304 654 4348 anno
676 4285 840 4347 undecimo
865 4287 1008 4367 Trajani.
1034 4315 1036 4319 ·

398 4402 426 4469 1)
447 4400 488 4454 Do
504 4418 560 4470 syn.
575 4400 654 4454 heinr.
672 4409 699 4454 ot
716 4401 816 4458 Selene.
833 4418 859 4457 n.
870 4401 933 4474 47.Ι
979 4405 1007 4470 2)
1024 4402 1066 4456 lis
1082 4404 1144 4457 viris
1161 4402 1253 4455 illustr.
1271 4417 1294 4454 c.
1314 4399 1355 4449 16.

416 4507 484 4546 Penes
497 4512 559 4556 spon.
575 4505 612 4546 st.
628 4505 662 4546 tv.
1075 4562 1081 4572 Ι
1255 4486 1281 4549 D
