3659 5209
688 1209 1187 1326 butruntio.

481 1599 590 1686 Quum
617 1603 822 1673 vetustiores
849 1599 928 1671 illae
956 1620 1037 1693 quas
1060 1597 1220 1670 habemus
1240 1596 1376 1668 Petrum
1397 1599 1502 1692 Apo-

372 1716 569 1788 stolicorum
592 1715 812 1788 collectiones
831 1723 899 1785 tum
919 1713 963 1784 ob
983 1716 1155 1785 caritatem
1178 1721 1246 1783 tum
1269 1711 1312 1783 ob
1330 1714 1501 1782 raritatem

371 1833 448 1902 usui
482 1829 618 1925 publico
658 1838 692 1899 et
728 1831 846 1920 majori
882 1825 1070 1898 auditorum
1105 1827 1288 1897 conventui
1324 1827 1358 1895 in
1393 1846 1501 1919 prae-

371 1942 574 2015 lectionibus
610 1939 814 2011 academicis
848 1941 958 2008 111111
992 1948 1106 2010 essent
1139 1948 1253 2032 aptae,
1295 1937 1337 2008 ad
1376 1959 1501 2008 novam

372 2054 464 2124 bano
500 2055 739 2125 collectionem
775 2049 1001 2121 adornandam
1035 2059 1112 2121 ante
1145 2050 1293 2122 sedecim
1327 2073 1431 2122 annos
1468 2059 1501 2121 et

375 2169 522 2236 animum
550 2176 584 2237 et
610 2185 727 2236 manus
755 2163 973 2235 admovimus.
1024 2163 1170 2235 Primam
1202 2163 1380 2234 editionem
1415 2186 1501 2256 quae

373 2303 403 2352 a.
428 2278 526 2350 1839
550 2279 684 2373 prodiit,
710 2276 859 2350 secunda
888 2287 922 2348 et
949 2281 1045 2350 tertia
1075 2279 1170 2349 annis
1203 2276 1298 2347 1842
1330 2285 1363 2345 et
1391 2276 1502 2363 1841,

372 2393 519 2485 denique
545 2392 597 2464 bis
625 2394 705 2486 ipsis
733 2389 851 2462 diebus
879 2389 964 2462 haec
992 2402 1108 2486 quarta
1137 2399 1253 2463 secuta
1281 2399 1351 2477 est,
1385 2398 1418 2459 et
1446 2391 1502 2482 qui

371 2504 524 2597 singulas
546 2507 632 2575 inter
653 2526 691 2577 se
712 2504 796 2575 velit
817 2525 1028 2598 comparare,
1047 2507 1254 2600 posteriores
1269 2502 1379 2573 multis
1393 2501 1500 2574 modis

373 2617 541 2716 prioribus
574 2628 748 2714 praestare
782 2638 850 2688 101
885 2618 1031 2710 negabit
1083 2618 1195 2690 Prima
1233 2616 1334 2688 editio
1372 2625 1502 2686 textum

373 2753 536 2826 graecum
564 2733 657 2821 (sine
684 2734 845 2803 versione
871 2730 993 2823 latina)
1027 2753 1047 2803 o
1078 2732 1373 2826 praestantissimis
1406 2728 1500 2799 libris

373 2846 551 2939 repetitum
574 2853 608 2914 et
627 2846 752 2937 passim
772 2847 985 2936 recognitum
1004 2867 1080 2915 cum
1099 2847 1217 2939 paucis
1232 2843 1499 2915 adnotationibus

374 2955 534 3028 exhibuit.
576 2955 734 3027 Secunda
761 2967 859 3028 aucta
887 2967 939 3028 est
960 2957 1057 3029 Actis
1086 2959 1237 3051 martyrii
1262 2955 1297 3028 S.
1319 2955 1438 3048 Ignatii
1466 2965 1500 3027 et
1535 3025 1537 3028 ,

373 3067 515 3165 epistola
543 3071 712 3143 ecclesiae
739 3070 959 3165 smyrnensis
986 3070 1029 3142 de
1057 3073 1218 3166 martyrio
1246 3069 1281 3142 S.
1305 3069 1499 3164 Polycarpi,

372 3191 473 3275 atque
499 3185 608 3252 textui
634 3206 761 3277 graeco
789 3184 915 3278 pluries
943 3184 1119 3256 emendato
1154 3182 1264 3254 addita
1298 3192 1350 3254 est
1382 3185 1497 3254 versio

371 3293 486 3382 latina,
514 3317 612 3387 quam
640 3301 674 3368 in
700 3296 821 3389 lgnatii
847 3298 989 3392 epistola
1016 3299 1057 3370 ad
1084 3298 1257 3370 Romanos
1284 3296 1498 3387 aRuiuarto,

368 3408 407 3476 in
432 3405 531 3480 Actis
565 3413 720 3504 martyrii·
751 3410 786 3481 S.
819 3409 939 3502 Ignatii
973 3410 1158 3483 aClerico
1190 3420 1225 3482 et
1249 3409 1431 3500 Ruinarto,
1464 3414 1498 3482 in

340 3519 515 3613 ,epistola
549 3521 590 3592 ad
618 3523 822 3615 Diognetum
857 3547 877 3594 a
902 3524 1050 3598 Henrico
1079 3524 1268 3619 Stephano,
1302 3526 1336 3593 in
1369 3526 1497 3596 cunctis

371 3630 511 3724 reliquis
546 3635 695 3728 epistolis
732 3634 951 3709 aCotelerio
987 3642 1124 3711 mutuati
1158 3659 1272 3711 sumus
1309 3647 1342 3708 et
1377 3637 1497 3710 mdlies

372 3743 634 3821 emendavimus.
673 3748 814 3845 Insuper
835 3750 963 3823 indices
983 3775 1097 3823 rerum
1119 3763 1153 3824 et
1174 3734 1406 3846 personarum,
1433 3772 1497 3821 110

371 3877 440 3927 101
467 3867 501 3928 11
518 3857 782 3953 Prolegomena,
805 3867 840 3935 in
868 3863 987 3958 quibus
1014 3865 1057 3936 de
1077 3866 1219 3959 singulis
1239 3865 1374 3937 Patrum
1393 3863 1497 3957 Apo-

370 3968 567 4042 stolicorum
608 3976 785 4068 operibus,
833 3999 950 4048 eorum
994 3978 1071 4052 fatis
1115 3990 1149 4051 et
1188 3979 1408 4066 editionibus,
1453 3974 1496 4046 de

327 4168 330 4189 Ι
371 4081 541 4154 authentia
574 4095 607 4156 et
641 4090 832 4181 integritate
867 4101 930 4162 etr.
964 4091 1157 4182 disseritur,
1192 4091 1293 4163 valde
1330 4091 1497 4178 auximus,

371 4195 511 4269 devita
538 4199 746 4290 singulorum
766 4202 899 4275 Petrum
928 4204 1034 4276 verba
1060 4204 1202 4277 fecimus
1230 4214 1265 4275 et
1290 4201 1426 4274 uberius
1453 4198 1496 4270 de

372 4308 621 4407 quaestionibus
643 4315 767 4387 criticis
788 4314 1038 4415 disputavimus.
1067 4362 1112 4373 -—
1142 4317 1219 4392 Non
1238 4335 1355 4413 parum
1374 4309 1496 4383 deinde
