3659 5209
652 520 809 576 EPISTOLA
827 521 873 575 nb
893 521 1093 578 DlOGllETUlll.
1111 524 1141 580 x.
1159 523 1201 577 Xl.
1424 529 1487 595 317
1583 536 1586 544 “

356 700 448 748 suam
473 680 626 763 formavit,
656 684 692 747 ad
717 702 793 766 quos
816 684 905 748 lilium
929 704 1015 749 suum
1040 687 1225 771 unigenitum
1255 688 1348 767 misit,
1380 689 1486 770 quibus

347 788 499 851 'coeleste
529 809 654 871 regnum
684 792 835 873 promisit,
866 799 896 853 et
927 790 1007 854 dabit
1033 794 1088 873 iis,
1120 794 1169 874 qui
1192 793 1287 875 ipsum
1311 793 1487 857 dilexerunt.
1537 857 1540 864 ,

355 892 521 976 Postquam
555 903 652 958 autem
689 894 793 958 ¹illum
829 897 1026 979 cognoveris,
1062 905 1169 978 quanta
1204 904 1233 960 ta
1268 898 1416 981 impletum
1451 900 1487 962 iri

355 999 473 1063 laetitia
496 999 673 1063 existimas?
720 999 779 1062 Aut
802 1001 953 1080 quomodo
977 1001 1084 1084 diliges
1108 1022 1192 1082 eum,
1220 1003 1269 1084 qui
1291 1004 1374 1085 prior
1396 1010 1426 1065 tc
1448 1003 1488 1067 ita

356 1104 527 1169 dilexerit?
571 1104 602 1170 Si
625 1110 721 1166 autem
746 1122 813 1166 enrn
837 1104 953 1187 diligas,
976 1105 1104 1168 imitator
1123 1107 1312 1188 benignitatis
1335 1108 1400 1189 ejus
1418 1109 1486 1172 eris.

355 1210 409 1274 Ac
431 1229 471 1273 ne
495 1210 622 1288 mireris,
645 1226 737 1291 posse
760 1208 908 1272 hominum
930 1229 999 1273 esse
1017 1211 1190 1274 imitatorem
1206 1210 1270 1274 Dei.
1314 1213 1425 1292 Potest,
1449 1232 1487 1277 eo

354 1316 493 1381 volente.
538 1315 605 1377 Non
630 1314 707 1377 enim
730 1314 883 1395 imperium
903 1316 932 1377 in
954 1317 1109 1397 proximos
1126 1317 1272 1395 obtinere,
1295 1335 1394 1397 neque
1410 1318 1488 1381 uelle

354 1418 541 1490 infirmiores
565 1437 720 1502 superare,
745 1436 843 1499 neque
867 1418 985 1481 divitem
1009 1438 1077 1483 esse
1101 1427 1131 1482 et
1149 1422 1207 1482 vim
1229 1419 1340 1482 inferre
1359 1421 1488 1485 inferio-

354 1527 463 1607 ribus,
497 1527 614 1588 beatum
648 1525 797 1589 hominem
829 1523 946 1605 red,dit;
981 1543 1080 1605 neque
1110 1525 1139 1586 in
1175 1525 1220 1586 bis
1253 1525 1349 1588 Deum
1383 1527 1488 1590 imitari

334 1633 518 1716 'quisquam
543 1612 654 1714 potest.
701 1631 759 1695 Sed
783 1649 840 1693 nec
863 1631 1002 1713 maJestas
1025 1630 1080 1692 Dei
1110 1631 1139 1693 in
1164 1630 1209 1693 bis
1230 1631 1321 1694 rebus
1345 1634 1487 1695 consistit.
1580 1704 1582 1709 ,

355 1739 401 1803 At
425 1739 475 1819 qui
500 1739 628 1826 proximi
653 1755 729 1801 onus
753 1738 782 1799 in
805 1755 839 1799 se
862 1738 976 1817 recipit,
1000 1737 1059 1817 qui,
1083 1754 1139 1816 qua
1163 1736 1191 1797 in
1215 1756 1249 1799 re
1269 1740 1408 1819 superior
1431 1745 1486 1817 est,

354 1845 452 1908 alium
482 1842 655 1905 inferiorem
686 1842 832 1906 beneficio
861 1843 924 1905 vult
953 1841 1092 1922 allicere,
1125 1821 1218 1923 ²qui,
1249 1863 1325 1924 quae
1353 1844 1441 1906 babet
1470 1864 1487 1907 a

354 1948 428 2013 Deo
462 1955 602 2030 accepta,
642 1945 780 2029 ³indigis
810 1945 1001 2028 suppeditans
1032 1946 1113 2009 Deus
1142 1947 1174 2007 lit
1204 1948 1407 2030 accipientium
1417 1968 1426 2024 3
1461 1948 1486 2010 is

349 2052 417 2117 diei
441 2058 486 2114 est
508 2053 645 2114 imitator.
692 2046 804 2112 ⁴Tunc
826 2049 1007 2130 perspicies,
1031 2051 1163 2112 interra
1187 2050 1312 2133 degens,
1340 2053 1433 2114 Deum
1457 2053 1487 2114 in

346 2155 375 2235 2?
389 2159 483 2223 coelis
505 2159 661 2235 mundum,
691 2156 773 2218 velut
795 2155 921 2235 aliquam
944 2155 1173 2235 rempublicam,
1200 2155 1387 2236 gubernare,
1417 2163 1487 2220 tunc

356 2263 503 2346 mysteria
528 2262 583 2323 Dei
605 2261 687 2341 loqui
711 2261 853 2343 incipies3
877 2265 947 2322 lunc
971 2278 1035 2337 eus,
1060 2260 1110 2340 qui
1132 2260 1301 2341 puniuntur,
1325 2261 1404 2340 quod
1428 2263 1485 2324 ab·

351 2386 476 2453 negare
498 2370 593 2431 Deum
617 2368 726 2447 nolint,
760 2375 790 2429 et
813 2366 919 2448 diliges
943 2372 972 2428 et
994 2366 1148 2427 miraberis
1156 2386 1166 2440 3
1197 2369 1267 2426 tunc
1292 2366 1486 2447 imposturam

356 2475 462 2539 mundi
486 2480 516 2536 et
540 2491 674 2536 errorem
698 2473 865 2550 damnabis,
898 2491 987 2554 quum
1019 2490 1092 2533 vere
1115 2473 1143 2534 in
1167 2471 1254 2532 coelo
1278 2472 1382 2533 vivere
1396 2471 1485 2532 uidi-

358 2578 577 2660 ceris,.quum
601 2597 683 2656 eam,
714 2596 789 2659 quae
812 2577 879 2640 heic
902 2594 983 2639 mors
1006 2594 1075 2638 esse
1099 2581 1255 2654 censetur,
1280 2577 1485 2654 contemseris,

360 2692 392 2749 et
414 2692 540 2747 mortem
565 2702 665 2748 ueram
688 2682 849 2745 formidare
872 2683 1020 2764 coeperis,
1044 2699 1121 2762 quae
1144 2688 1281 2743 servatur
1303 2681 1349 2760 iis,
1376 2681 1426 2762 qui
1448 2679 1486 2744 ad

359 2786 489 2872 ⁶ignem
512 2796 667 2852 aeternum
692 2787 923 2867 damnabuntur,
947 2788 996 2868 qui
1019 2787 1075 2848 sibi
1098 2783 1221 2849 traditos
1247 2786 1392 2867 supplicio
1416 2784 1485 2847 alli-

325 2880 329 2891 ’
359 2895 421 2958 ciet
437 2893 486 2956 'ad
516 2894 604 2956 linem
635 2912 739 2975 usque.
786 2895 870 2956 Tunc
897 2892 1090 2955 admiraberis
1120 2909 1191 2970 eos,
1224 2893 1274 2972 qui
1300 2909 1353 2971 pro
1373 2891 1485 2974 justitia

360 3000 461 3083 ignem
484 3000 633 3081 patiuntur
658 2994 899 3080 ⁷temporarium,
925 3004 953 3060 et
972 2999 1077 3061 beatos
1100 3013 1154 3060 eus
1176 2996 1371 3079 praedicabis,
1395 3014 1484 3077 quum

325 3142 329 3185 ,
360 3104 462 3188 ignem
483 3104 565 3168 illum
587 3103 778 3187 cognoveris.

325 3446 329 3485 -,
360 3399 410 3465 Xl.
459 3399 546 3476 Quae
567 3401 659 3478 milti,
691 3400 912 3481 Apostolorum
943 3400 1117 3480 discipulo,
1149 3400 1271 3463 trudito
1292 3398 1484 3477 suut,-cliir
1550 3482 1552 3493 Ι

325 3550 329 3587 ,
358 3505 573 3570 subministro.
618 3506 704 3569 Haec
733 3509 814 3569 scitu
845 3507 942 3588 digno
972 3515 1064 3579 suot5
1095 3525 1166 3568 nam
1194 3506 1304 3585 fideles
1337 3506 1484 3587 mysteria

354 3612 462 3693 putris
486 3620 705 3699 cognoverunt,
729 3619 759 3674 et
780 3631 868 3692 quem
888 3612 932 3673 cd
943 3608 1037 3692 'finem
1055 3611 1198 3703 Christus
1216 3611 1346 3686 venerit,
1370 3610 1483 3673 sciunt.

447 3733 515 3797 Non
539 3734 577 3797 de
600 3735 690 3798 rebus
715 3734 883 3816 peregrinis
905 3733 1030 3814 loquor,
1060 3752 1158 3815 neque
1174 3739 1288 3795 temere
1311 3732 1375 3794 aliis
1398 3718 1482 3812 ¹per-

354 3839 490 3909 suadere
520 3838 646 3927 stude03
678 3837 733 3901 sed
762 3837 976 3920 Apostolorum
1009 3835 1104 3899 lactus
1137 3837 1317 3918 discipulus,
1349 3835 1481 3918 gentium

352 4028 408 4083 dici
426 4035 519 4095 puteat.
551 4027 601 4082 cn.
615 4030 833 4100 Quartutrcbripl,
853 4027 870 4079 l.
883 4043 905 4078 e.
970 4027 998 4092 t)
1016 4025 1053 4078 lta
1074 4025 1186 4077 lacunam
1205 4024 1301 4077 codicis
1320 4022 1482 4091 Stephanium

349 4133 380 4187 p.
400 4114 464 4166 456.
934 4112 1046 4181 explevit
1058 4110 1126 4177 Otto,
1146 4128 1222 4181 quum
1234 4113 1258 4162 iu
1272 4110 1362 4161 codice
1376 4109 1479 4175 Argen-

390 4201 423 4270 5)
443 4199 561 4256 Fortasse
579 4196 720 4268 ἀνθρώποις.
750 4204 842 4254 Srrrrr.
934 4200 1055 4252 torotensi
1078 4200 1187 4268 uestigia
1215 4197 1297 4267 aliqua
1324 4198 1396 4249 vocis
1423 4214 1481 4265 προς

388 4289 421 4354 6)
446 4287 585 4340 Articulum
613 4305 628 4341 a
655 4287 745 4342 codice
771 4290 906 4358 Angenior.
935 4288 1081 4341 detexisset.
1117 4285 1206 4339 Bblrlio
1225 4285 1317 4353 placuit
1335 4280 1448 4352 ἐπίγειον.

342 4370 555 4435 rulituit'Ottu.
1559 4464 1562 4470 Ι
