3659 5209
429 463 495 596 ado
628 520 766 577 unauna
783 518 919 575 aaaron.
956 519 1052 573 nuru
1070 517 1112 573 ur.
1147 518 1273 573 arnurr.
1290 518 1361 579 rnu

431 693 462 749 at
490 685 527 764 ii,-
558 683 608 765 qui
639 681 726 744 tarde
755 684 899 764 egerunt,
929 679 959 740 in
992 679 1082 740 aruris
1111 678 1253 750 habitant.
1300 678 1362 754 Qui
1392 697 1471 743 vero
1499 699 1551 744 non

432 796 560 875 egerunt
581 786 811 871 poenitentiam,
838 783 892 848 sed
923 785 953 846 in
985 784 1046 845 suis
1076 790 1308 865 permanserunt
1332 783 1438 863 iactis,
1468 792 1552 848 morte

432 892 603 955 morientur.
650 891 659 930 ¹
677 891 717 954 nt
739 908 814 953 vero
838 881 878 968 hi,
902 889 953 969 qui
975 887 1088 949 virides
1108 887 1228 968 quidem
1252 890 1379 971 virgas,
1402 889 1460 959 sed
1482 891 1552 952 scis-

431 1013 517 1058 suras
539 995 685 1058 habentes
707 994 908 1072 tradiderunt,
924 989 1035 1054 ‘fideles
1057 1008 1177 1072 semper
1198 990 1324 1055 suerunt
1348 998 1379 1056 et
1403 994 1487 1073 boni,
1508 994 1553 1058 sed

431 1099 575 1161 habentes
597 1100 675 1162 inter
696 1086 731 1162 se
754 1097 909 1178 quamdam
931 1096 1069 1160 invidiam
1093 1104 1123 1158 et
1144 1096 1249 1159 zelum,
1265 1097 1306 1174 de
1338 1100 1510 1181 principatu
1530 1105 1554 1161 et

431 1202 584 1286 dignitate.
628 1205 739 1266 Verum
763 1203 866 1266 omnes
889 1201 1060 1284 hujusmodi
1074 1201 1250 1282 insipientes
1265 1209 1340 1264 sunt
1356 1210 1389 1266 et
1405 1203 1489 1283 ictui,
1510 1206 1552 1286 qui

431 1307 542 1370 habent
563 1308 641 1371 inter
663 1326 698 1371 se
721 1307 948 1377 aemulationem
971 1306 1009 1368 de
1024 1305 1197 1387 principatu.
1240 1310 1388 1370 Attamen
1399 1309 1449 1395 iri,
1474 1329 1553 1390 quun

431 1413 491 1476 sint
512 1413 622 1494 alioqui
645 1412 732 1491 boni,
763 1412 789 1473 si
812 1410 919 1473 auditis
942 1409 1087 1472 mandatis
1109 1409 1182 1499 istis
1197 1410 1434 1475 emendaverint
1456 1432 1505 1492 se,
1529 1421 1554 1477 et

431 1516 490 1579 cito
512 1536 567 1598 per
589 1517 760 1580 suasionem
783 1533 878 1583 meam
902 1515 1020 1597 egerint
1042 1511 1262 1595 poenitentiam,
1286 1516 1320 1578 in
1336 1518 1417 1579 turri
1436 1517 1554 1600 denique

430 1620 573 1702 incipient
594 1607 744 1699 habitare,
767 1621 844 1682 sicut
867 1625 896 1683 et
918 1619 965 1698 hi,
992 1618 1042 1698 qui
1066 1624 1192 1700 egerunt
1216 1617 1310 1702 digne
1334 1623 1553 1701 poenitentiam

433 1723 547 1797 Quodsi
570 1724 637 1804 quis
660 1741 763 1786 eorum
787 1741 892 1787 rursus
915 1724 951 1787 ad
968 1723 1186 1787 dissensionem
1199 1723 1337 1805 redierit,
1360 1727 1554 1808 repelletura

430 1830 522 1906 turri,
546 1834 576 1890 et
599 1829 687 1890 vitam
710 1846 794 1891 suam
816 1829 949 1910 perdet„
976 1829 1040 1892 Vita
1063 1829 1140 1890 enim
1164 1846 1284 1907 eorum,
1308 1830 1363 1909 qui
1390 1832 1556 1895 custodiunt

432 1931 567 1995 mandata
590 1933 725 2012 Domini,
747 1934 776 1994 in
800 1932 943 1995 mandatis
967 1933 1117 2010 consistit,
1148 1950 1209 1994 non
1233 1933 1264 1993 in
1286 1934 1485 2017 principatu,
1513 1943 1555 2000 aut

432 2036 529 2117 aliqua
561 2036 713 2119 dignitate.
757 2037 814 2099 Per
847 2037 1023 2119 patientiam.
1047 2037 1125 2100 enim
1155 2042 1186 2098 et
1215 2035 1415 2101 humilitatem
1449 2042 1554 2122 animae

431 2140 520 2202 vitam
543 2140 678 2204 homines
702 2146 940 2221 consequentum
964 2159 1020 2222 per
1041 2139 1204 2202 seditiones
1227 2158 1304 2204 vero
1329 2149 1554 2221 etcontemtum

430 2245 513 2328 legis
532 2252 656 2307 mortem
679 2245 735 2307 sibi
758 2244 942 2325 acquirenti
1433 2315 1438 2321 .
1491 2238 1493 2241 ’

415 2349 419 2354 ’
517 2348 589 2411 vttt.
636 2349 714 2427 ,Qui
737 2366 812 2413 vero
835 2339 982 2430 maingis
1005 2348 1239 2412 suis-dimidium
1262 2349 1384 2430 aridum
1402 2353 1553 2433 habebant,

429 2462 461 2516 et
483 2453 631 2516 dimidium
654 2453 767 2533 viride,
789 2454 826 2516 hi·
841 2460 910 2516 sunt
932 2453 1184 2537 negotiationibus
1208 2453 1350 2534 involuti,
1376 2475 1482 2540 neque
1503 2479 1552 2541 ap·

428 2557 521 2638 pliciti
544 2559 652 2620 sanctis
659 2578 669 2634 3
701 2556 830 2638 ideoque
862 2558 949 2620 etiam
979 2557 1259 2621 dimidium'eorum'
1278 2560 1372 2639 vivit,
1408 2561 1551 2626 dimidium

430 2678 505 2724 vero
527 2667 674 2724 mortuum
697 2667 751 2724 est.
796 2662 880 2724 Multi
901 2662 992 2745 igitur
1015 2662 1144 2742 axillis,
1167 2661 1273 2724 auditis
1290 2664 1456 2746 mandatis,
1480 2687 1550 2750 ege-

427 2772 498 2827 runt
518 2766 748 2846 poenitentiam,
772 2773 802 2828 et
823 2768 853 2829 in
877 2766 951 2829 turri
972 2766 1106 2831 habitare
1129 2774 1310 2848 coeperunt3
1334 2770 1462 2848 quidam
1485 2790 1551 2834 vero

429 2886 532 2931 eornm
548 2871 576 2931 iu
593 2877 687 2947 totum
703 2870 886 2934 destiterunt.
919 2871 970 2937 His
987 2861 1151 2954 igitur'non
1167 2877 1211 2933 est
1227 2871 1312 2934 locus
1329 2877 1550 2954 poenitentiam

429 2969 473 3034 ²a
496 2975 698 3055 negotiatione
721 2974 798 3036 enim
821 2992 875 3037 suu
895 2975 1023 3039 nefanda
1046 2977 1076 3037 in
1099 2976 1384 3045 Dominum<locuti
1409 2989 1498 3060 sunt,
1527 2987 1551 3043 et

428 3094 497 3139 eum
525 3065 767 3162 abnegaverunt(
788 3078 929 3160 ¹Propter
960 3080 1037 3153 hanc
1054 3079 1156 3161 ,igitur
1187 3081 1349 3164 nequitiam
1392 3087 1551 3148 amiserunt

427 3182 525 3245 uitam.
571 3182 653 3246 Multi
676 3199 751 3243 vero
774 3199 817 3271 en¹
836 3182 881 3244 his
905 3183 1024 3274 dubiam
1039 3192 1168 3247 mentem
1182 3185 1364 3255 induerunt.¹
1402 3188 1512 3253 Adhuc
1527 3195 1550 3251 et

427 3284 463 3346 iis
486 3291 532 3348 est
559 3299 720 3368 regressus
727 3305 737 3361 3
767 3286 834 3366 qui,
857 3288 892 3350 ,si
909 3289 981 3351 cito
1011 3290 1222 3369 poenitentiam
1245 3291 1388 3372 egerint,
1419 3295 1451 3356 in
1483 3295 1550 3357 turri

427 3388 532 3452 sedem
553 3389 717 3473 habebunt;¹
735 3388 774 3451 ‘si
797 3408 870 3454 uero
894 3382 1013 3454 tardius.
1029 3394 1161 3476 egerint,
1190 3394 1221 3455 in
1243 3395 1337 3479 muris
1361 3395 1549 3474 habitabunt,

385 3509 391 3517 ·
427 3493 454 3555 si
476 3501 655 3569 autemnon
680 3495 966 3576 egerint,‚mortem
989 3497 1046 3561 sibi
1069 3497 1231 3577 acquirent.
1276 3499 1317 3560 At
1339 3499 1382 3579 hi,
1407 3504 1460 3583 qui
1483 3503 1549 3565 duas

428 3603 528 3677 partes
551 3597 700 3680 virgarum
732 3615 851 3662 suarum
881 3599 993 3674 virides
1016 3600 1206 3681 habuerunt,
1228 3609 1257 3665 et
1287 3604 1408 3687 tertiam
1432 3609 1549 3686 aridam,

428 3700 630 3782 compluribus
652 3702 748 3766 modis
765 3703 919 3786 depravati
935 3713 1123 3789 negaverunt
1138 3705 1302 3794 Dominum.
1340 3708 1391 3772 Ex
1402 3711 1449 3774 his
1465 3713 1550 3794 igitur

427 3803 511 3866 multi
534 3812 661 3886 egerunt
675 3808 898 3889 poenitentiam,
922 3818 1010 3892 atque
1026 3811 1110 3873 ita-iu
1126 3797 1349 3876 turri'haditare
1366 3824 1534 3897 coeperunt
1540 3837 1548 3891 ;

429 3901 563 3991 etmulti
585 3927 602 3970 a
625 3900 691 3973 Deo
715 3912 744 3974 iu
767 3922 944 3994 perpetuum
966 3920 1167 3994 recesserunt.
1212 3911 1256 3977 Ilii
1286 3917 1382 3998 igitur
1404 3921 1435 3982 in
1461 3927 1548 3985 totum

428 4010 591 4075 amiserunt
614 4013 715 4091 vitam.-
758 4017 880 4089 Quidam
904 4037 990 4099 vero,
1013 4021 1101 4083 dubia
1124 4026 1223 4083 mente
1247 4031 1407 4105 concepta,
1431 4025 1547 4089 dissen-

429 4113 531 4175 siones
555 4118 782 4203 concitaverunt¹
788 4141 799 4198 3
828 4122 864 4184 iis
888 4124 986 4200 adhuc
1007 4139 1166 4207 regressus
1197 4126 1315 4208 est,gsi
1343 4128 1405 4193 cito
1432 4131 1548 4213 ¹egerint

467 4332 494 4403 1)
513 4333 563 4392 Cir.
582 4312 736 4409 supraci.
753 4358 779 4410 p.
793 4342 854 4397 400.
871 4352 924 4397 not.
938 4345 984 4416 5.t
1007 4424 1011 4428 ὓ
1033 4347 1063 4412 2)
1081 4345 1100 4399 1.
1120 4363 1143 4400 a.
1162 4351 1193 4402 od
1211 4351 1417 4418 negotiationem
1435 4373 1521 4411 eum
