3659 5209
607 325 773 389 revelatum
798 331 854 401 est,
878 330 908 385 et
931 323 1115 387 revelabitur

608 421 688 493 ‘ldcd
702 419 761 502 τές
775 417 931 513 stotzas,
947 419 1005 502 τές
1018 426 1158 512 διαλογι-
1188 427 1201 467 ²
1215 437 1336 513 propter
1368 432 1494 512 dubios,
1524 433 1572 514 qui
1596 451 1606 494 a

607 529 744 613 ζομένες
759 529 792 595 ἐν
804 534 876 604 ταῖς
887 529 1034 618 καρδίαις
1047 525 1160 610 αὐτῶν,
1186 536 1215 596 in
1239 535 1485 618 cordibus¹¹l'diS‚
1513 543 1606 601 ulrum]

609 632 638 701 εἰ
659 634 721 722 ἄρα
744 631 811 699 ἐστὶ
832 632 941 714 ταῦτα,
963 628 983 723 ἢ
1005 632 1044 700 ἐκ
1066 632 1159 702 ἔστιν.
1186 640 1278 718 baec,
1303 659 1339 703 an
1363 659 1426 704 non
1450 643 1516 706 sint.

610 738 762 819 Dic'illis,
792 742 870 822 quud
895 744 1090 807 haecomnia
1114 751 1183 807 sunt
1205 762 1295 822 vera,
1327 750 1356 807 et
1379 745 1453 808 nibil
1475 753 1558 809 extra
1578 764 1606 808 ua

611 854 677 924 est3
700 846 754 909 sed
777 849 875 911 omnia
898 850 991 929 suma,
1016 855 1158 930 certeque
1181 848 1301 911 lundata
1322 850 1422 912 sunt.“
1535 908 1541 923 ,

698 953 731 1014 V.
779 952 877 1031 „Audi
905 971 984 1016 nunc
1014 959 1044 1016 et
1073 952 1111 1016 dc
1142 953 1305 1036 lapidibus,
1340 955 1391 1034 qui
1422 960 1491 1017 suut
1521 954 1550 1016 iu
1576 958 1606 1016 sta

610 1055 738 1137 Lapides
761 1056 880 1137 quidem
902 1058 943 1121 illi
964 1058 1098 1138 quadrati
1119 1065 1148 1120 et
1164 1059 1231 1137 albi,
1254 1059 1471 1121 convenientes
1487 1059 1518 1121 iu
1534 1077 1606 1121 comi

612 1162 693 1240 suis,
726 1163 745 1224 ii
767 1169 836 1224 sunt
858 1163 986 1244 apostoli
1009 1162 1064 1226 ³et
1086 1164 1220 1244 episcopi
1242 1170 1272 1225 et
1295 1163 1436 1226 doctores
1462 1170 1492 1225 et
1514 1164 1606 1225 minist

612 1268 742 1349 ingressi
771 1273 839 1329 sunt
869 1268 898 1328 iu
929 1268 1085 1331 clementia
1108 1268 1181 1347 Dei,
1213 1273 1242 1329 el
1270 1268 1475 1350 episcopatum
1498 1286 1606 1352 gessen

612 1371 788 1448 docuerunt,
813 1378 843 1434 et
866 1372 1108 1436 ministraverunt
1129 1379 1231 1436 sancte
1254 1379 1284 1434 et
1306 1372 1442 1437 modeste
1466 1375 1570 1437 electis
1592 1372 1606 1435 l

613 1477 806 1554 dormierunt,
822 1476 933 1558 quique
948 1478 1044 1540 adbuc
1059 1485 1136 1557 sunt,
1156 1485 1186 1540 et
1200 1495 1320 1558 semper
1336 1495 1402 1539 cum
1418 1474 1503 1540 ⁴illis
1520 1494 1606 1541 court

613 1587 644 1643 et
665 1582 694 1643 in
718 1598 752 1643 se
774 1599 877 1665 poc-em
900 1582 1076 1662 babuerunt,
1100 1589 1179 1644 etse
1195 1583 1322 1643 invicem
1339 1581 1506 1644 audierunt
1539 1583 1606 1663 Prop

614 1692 643 1749 et
665 1687 694 1747 in
714 1693 890 1749 structuram
906 1689 995 1750 turris
1012 1684 1194 1751 converiiunt
1210 1688 1423 1749 commissurae
1442 1703 1558 1748 eorum.
1590 1684 1606 1760 (l

614 1789 652 1851 dc
674 1789 823 1870 proluudo
847 1791 1017 1871 trabuntur,
1041 1800 1072 1854 et
1094 1792 1336 1872 imponunturin
1362 1787 1582 1869 ⁵slructuram‚
1603 1815 1606 1848 ι

613 1894 736 1957 veniunt
756 1896 969 1959 commissurae
987 1914 1090 1959 eorum
1106 1914 1172 1959 cum
1188 1895 1314 1958 caeteris
1330 1894 1491 1977 lapidibus,
1512 1896 1564 1976 qui
1576 1897 1606 1978 ja

613 1996 690 2061 ficati
715 2006 800 2075 sunt;
831 2000 960 2079 dsunt,
990 2003 1040 2081 qui
1059 2003 1121 2084 jam
1144 2001 1343 2080 dormierunt,
1377 2008 1408 2063 et
1438 2002 1523 2082 passi
1553 2018 1606 2063 surr

614 2104 742 2166 nominis
764 2103 910 2166 Domini.“
959 2106 1096 2184 „caeteri
1119 2113 1216 2168 autem
1238 2094 1363 2187 lapides,
1390 2105 1441 2185 qui
1465 2104 1606 2187 adportab

614 2212 703 2286 terra,
727 2206 798 2269 volo
820 2209 901 2289 scire
925 2210 974 2289 qui
997 2211 1064 2289 sint,
1089 2209 1235 2273 domina.“
1275 2209 1341 2273 Ait:
1366 2226 1442 2287 „eos
1460 2209 1594 2291 quidem,

573 2389 577 2397 ’
651 2377 678 2446 1)
697 2376 846 2430 Differentiae
872 2380 999 2449 diguitatis
1024 2383 1089 2434 inter
1113 2399 1162 2434 arr-
1190 2385 1265 2453 trop,
1284 2379 1346 2432 ttbr.
1366 2380 1429 2432 eccl.
1451 2381 1528 2449 primi
1547 2398 1606 2434 secu

614 2464 688 2534 gelos
705 2481 720 2517 a
738 2465 810 2518 libris
828 2482 930 2537 quoque
950 2470 1028 2521 sacris
1044 2472 1163 2538 agnosci·
1189 2467 1267 2520 Forte
1293 2470 1413 2520 ductores
1433 2489 1472 2514 =
1495 2468 1606 2537 discipul

614 2559 661 2605 tur.
691 2551 741 2604 Clr.
755 2553 860 2606 lTbess.
872 2555 897 2618 4,
912 2555 953 2605 16.
972 2554 1067 2624 Ephes.
1083 2556 1108 2622 l,
1120 2556 1162 2609 21.
1189 2555 1280 2619 lorum,
1299 2552 1495 2621 praedicatores
1508 2555 1606 2609 divinat

617 2640 631 2664 0
762 2638 819 2664 Da..
847 2641 861 2664 ο
891 2641 924 2664 nn
1191 2641 1234 2664 Μ.
1272 2644 1404 2664 πεπρ-,Ν
1475 2641 1576 2664 ena...
1597 2659 1606 2664 .
