3659 5209
351 525 415 594 378
570 523 709 578 ΗΕΒΜΑΕ
726 525 862 580 seston.
899 526 995 580 steen
1012 527 1054 580 itt.
1078 526 1263 583 *stultiut

351 708 426 772 argo
449 689 530 752 scitis
554 688 701 752 civitatem
724 693 873 765 vestram,
886 688 915 749 in
938 705 996 768 qua
1018 687 1185 750 habitaturi
1202 689 1298 766 estis3
1322 691 1394 772 quid
1413 692 1469 756 heic

351 794 446 856 emitis
469 811 577 876 agros,
609 799 639 855 et
671 793 817 873 apparatis
847 792 973 855 lautitias
1004 799 1034 856 el
1066 793 1263 858 aedificiael
1286 795 1468 862 habitationes

350 896 576 981 supervacuas?
622 899 701 961 Haeo
731 899 815 961 enim·
839 900 889 979 qui
920 903 1071 979 comparat
1103 898 1134 961 in
1163 899 1225 962 hac
1253 901 1393 981 civitate,
1421 921 1469 966 noo

350 1003 510 1084 cogitatio
534 1021 617 1065 suam
641 1003 787 1065 civitatem
813 1002 923 1066 redire,
969 1002 994 1065 0
1023 1003 1129 1082 stulta,
1159 1021 1178 1066 o
1212 1005 1308 1068 dubia
1342 1014 1373 1068 et
1395 1010 1470 1071 miser

348 1109 447 1187 horno,
470 1109 519 1189 qui
536 1127 595 1172 non
611 1108 761 1190 intelligis,
784 1107 972 1170 haecomnia
989 1107 1084 1170 aliena
1100 1125 1180 1188 esse,
1206 1117 1241 1173 el
1266 1107 1345 1175 ¹sub
1362 1113 1470 1176 alterius

348 1213 511 1298 potestatel
555 1213 632 1275 Dicit
654 1212 731 1273 enim
754 1212 805 1276 tibi
829 1211 964 1274 dominus
987 1213 1114 1274 civitatis
1138 1198 1262 1296 truJ‘usz'
1283 1221 1337 1278 aut
1368 1217 1470 1299 legibus

349 1328 433 1384 utere
458 1320 548 1396 meis,
571 1325 620 1380 aut
643 1315 753 1379 recede
777 1316 815 1378 de
839 1317 957 1382 civitate
981 1334 1055 1378 mea.
1101 1316 1256 1400 Tu'ergo
1280 1312 1358 1400 'quid
1382 1319 1471 1400 iacies,

348 1426 398 1504 qui
422 1423 514 1485 habes
538 1422 635 1504 legem
658 1422 687 1482 in
709 1420 925 1483 civitatetua?
969 1420 1117 1501 Numquid
1137 1429 1268 1503 propter
1289 1442 1389 1506 agros
1409 1431 1471 1503 tuos,

254 1595 257 1599 ,
347 1538 397 1592 aul
418 1535 541 1611 propter
563 1527 679 1607 aliquos
703 1532 861 1607 apparatus
883 1531 962 1604 tuos,
985 1526 1098 1607 poteris
1118 1542 1238 1608 negare
1260 1527 1368 1610 legem
1385 1528 1471 1591 tuam?

347 1634 461 1709 Quodsi
485 1632 659 1716 negaveris,
690 1636 720 1694 ct
749 1630 882 1694 volueris
912 1629 1014 1692 redire
1042 1631 1073 1692 in
1103 1629 1259 1693 civitatem
1293 1637 1393 1713 luam,
1424 1652 1472 1697 nou

346 1739 511 1819 recipieris,
535 1734 590 1799 sed
613 1735 783 1797 excluderis
807 1734 885 1797 inde.
932 1734 1011 1796 Vide
1030 1745 1116 1816 ergo,
1140 1729 1217 1814 ²ut,
1246 1737 1330 1798 sicul
1354 1756 1471 1820 peregre

348 1843 525 1918 consistens,
549 1838 619 1902 nihil
641 1839 764 1920 amplius
788 1857 943 1922 compares
967 1839 1027 1918 tibi,
1052 1841 1195 1920 quamsit
1218 1843 1431 1904 necessarium
1450 1848 1473 1904 el

347 1945 500 2009 sufficiens
523 1945 574 2015 tint
582 1965 592 2021 3
617 1953 646 2007 et
668 1951 787 2025 paratus
810 1951 886 2022 esto,
909 1962 957 2022 ue,
982 1962 1071 2023 quum
1089 1943 1222 2023 voluerit
1243 1946 1391 2008 dominus
1407 1948 1471 2009 ciri·

347 2051 413 2112 tatis
440 2050 527 2131 lruJus
543 2049 695 2132 expellere
712 2055 750 2127 te,
773 2048 959 2112 contradicas
974 2049 1035 2130 legi
1051 2050 1134 2130 ejus;
1147 2054 1189 2110 'et
1209 2067 1264 2112 eas
1282 2051 1317 2112 in
1331 2053 1472 2141 civitatem

346 2161 433 2235 tuam,
457 2162 489 2218 ut
512 2156 602 2217 utaris
625 2154 695 2237 lege
720 2161 778 2234 tua,
801 2155 866 2217 sine
886 2153 992 2234 injuria
1011 2152 1119 2214 hilaris.
1164 2152 1229 2215 Vos
1251 2154 1353 2236 igitur
1374 2151 1472 2234 videte,

346 2260 397 2340 qui
420 2259 538 2320 servilis
561 2259 636 2338 Deo,
660 2265 689 2321 et
711 2258 827 2320 habetis
852 2276 919 2319 curn
942 2258 972 2320 in
996 2256 1135 2321 cordibus
1158 2260 1289 2321 vestris:
1317 2263 1473 2344 operamini

345 2381 436 2444 opera
461 2363 532 2442 Dei,
563 2381 711 2427 memores
742 2362 945 2425 mandatorum
971 2370 1003 2424 et
1030 2363 1248 2443 promissorum
1278 2366 1373 2446 ejus,
1407 2384 1474 2447 quac

346 2468 499 2548 promisit,
533 2475 562 2529 et
591 2467 704 2530 credite
736 2468 779 2545 ei,
814 2464 893 2548 quod
925 2464 1013 2550 faciet
1042 2460 1145 2548 vohis,
1179 2468 1206 2529 si
1240 2470 1388 2533 mandata
1417 2474 1474 2554 ejus

346 2570 553 2634 custodieritis.
597 2573 653 2635 Pro
677 2573 757 2654 agris
782 2591 873 2654 ergo,
906 2589 989 2653 quos·
1006 2590 1107 2633 emere
1129 2571 1311 2655 volueritis,
1346 2576 1474 2642 redimite

346 2676 457 2738 animas
482 2676 520 2738 de
541 2677 779 2756 necessitatibus,
803 2685 890 2759 prout
914 2680 1041 2759 quisque
1064 2683 1162 2759 potest
1169 2698 1178 2753 ;
1204 2675 1266 2741 ³el
1290 2683 1403 2745 viduas
1424 2683 1474 2745 ab·

347 2782 465 2860 solvite,
489 2782 628 2866 orphanis
648 2784 790 2865 judicate,
815 2790 846 2845 et
868 2797 942 2864 opes
966 2802 1001 2846 ac
1024 2781 1140 2843 divilias
1163 2790 1285 2846 vestras
1318 2788 1350 2849 in
1374 2788 1474 2870 liujus-

348 2887 427 2949 modi
444 2888 584 2967 ope'ribus
601 2888 772 2950 consumite.
817 2887 849 2949 ln
867 2887 926 2957 hoo
942 2887 1017 2950 eninr
1033 2902 1090 2948 vos
1106 2885 1252 2955 Dominus
1272 2888 1474 2972 locupletavit,

345 2999 385 3055 ut·
400 2993 568 3074 hujusmodi
590 2994 751 3055 ministeria
772 2993 926 3074 expleatis.
953 2990 1061 3054 ¹Multo
1081 2991 1186 3052 melius
1205 2998 1253 3053 est
1274 2993 1357 3058 haec
1373 2996 1473 3072 iacere,

347 3114 439 3176 quam
459 3114 549 3179 agros
573 3101 623 3176 aut
646 3094 894 3175 dornosemere3
927 3097 1064 3179 quoniam
1097 3097 1172 3158 haec
1204 3101 1310 3163 omnia
1344 3104 1473 3184 peribunt

346 3201 375 3261 in
399 3202 502 3264 seculo
510 3221 520 3277 3
545 3206 574 3261 al
596 3218 674 3287 quae
695 3218 751 3280 pro
774 3204 894 3266 nornine
915 3203 972 3264 [ici
995 3200 1114 3279 leceris,
1138 3201 1279 3265 invenies
1308 3200 1473 3268 incivitate

331 3309 413 3382 tua,
446 3311 475 3366 et
489 3303 620 3365 ‘habebis
643 3304 782 3385 gaudium
805 3307 869 3368 sine
892 3295 1007 3387 tristitia
1031 3312 1061 3367 et
1083 3307 1200 3368 timore.
1217 3344 1224 3351 -
1242 3307 1383 3373 Divitias
1406 3328 1471 3393 ergo

346 3410 476 3495 gentium
508 3408 599 3469 nolite
628 3427 771 3489 cupere;-
789 3394 975 3491 perniciosae
1002 3416 1070 3472 sunt
1097 3410 1176 3471 enirn
1206 3413 1311 3474 servis
1338 3410 1412 3477 Dei:
1441 3415 1471 3476 de

346 3511 474 3591 propriis
498 3518 701 3592 autern,'quas
724 3498 848 3592 hab‘elis,
872 3533 907 3576 ea
931 3516 1031 3596 agite,¹
1047 3514 1154 3594 quibus
1176 3517 1305 3607 possitis
1322 3520 1471 3600 :consequi

345 3613 494 3696 gaudium.
540 3612 604 3677 Ἢ
627 3618 719 3678 nolite
743 3618 925 3699 adulterare,
955 3637 1019 3682 nec·
1039 3606 1167 3679 alterius
1183 3637 1319 3684 uxorem
1344 3631 1470 3707 tangere,

346 3735 445 3798 neque
468 3709 698 3800 concupiscere:
722 3725 902 3813 concupisce
926 3721 1150 3803 ⁵tuumopus,
1178 3729 1209 3784 et
1233 3725 1342 3793 salvus
1367 3731 1451 3793 eris.“

382 3922 466 3997 illia
479 3924 588 3978 Hermae
606 3927 730 3993 doctrina,
750 3932 816 3998 lona
833 3897 890 3983 ter·
932 3931 982 3992 ,2)
1000 3928 1037 3980 lta
1054 3892 1130 3979 Editl.
1167 3926 1251 3980 Codd.
1271 3941 1311 3986 tu.

345 4016 445 4064 restria
470 4016 520 4067 aed
545 4024 669 4082 potestate
689 4015 797 4069 Diodoti
820 4030 889 4080 eoae,
954 4016 982 4080 3)
1003 4015 1145 4078 lsai.l,17.
1166 4013 1470 4084 Ctesuprattandlttl.

243 4091 245 4094 ’
347 4096 392 4149 cir.
410 4102 520 4153 Semler.
545 4103 582 4165 (in
607 4101 786 4171 Baumgarten,
813 4101 890 4155 theol.
954 4105 983 4171 4)
1001 4088 1088 4155 dlattlr.
1107 4101 1134 4165 5,
1155 4100 1198 4152 27.
1218 4103 1265 4165 28.

347 4182 430 4238 Streit.
457 4183 487 4243 Τ.
506 4184 536 4239 Η.
555 4203 578 4254 p.
601 4188 655 4256 14),
920 4202 923 4207 ·
954 4191 984 4256 5)
1003 4189 1023 4242 l.
1042 4180 1066 4242 θ’.
1085 4192 1250 4262 pucilletum
1268 4203 1322 4248 eet.
