<?xml version="1.0" encoding="UTF-8"?>
<!DOCTYPE html PUBLIC "-//W3C//DTD XHTML 1.0 Transitional//EN"
    "http://www.w3.org/TR/xhtml1/DTD/xhtml1-transitional.dtd">
<html xmlns="http://www.w3.org/1999/xhtml" xml:lang="en" lang="en">
 <head>
  <title>
</title>
<meta http-equiv="Content-Type" content="text/html;charset=utf-8" />
  <meta name='ocr-system' content='tesseract 3.04.00' />
  <meta name='ocr-capabilities' content='ocr_page ocr_carea ocr_par ocr_line ocrx_word'/>
</head>
<body>
  <div class='ocr_page' id='page_1' title='image "./patrumapostolic00hefegoog_0307.png"; bbox 0 0 3659 5209; ppageno 0'>
   <div class='ocr_carea' id='block_1_1' title="bbox 582 523 1486 601">
    <p class='ocr_par' dir='ltr' id='par_1_1' title="bbox 582 523 1486 601">
     <span class='ocr_line' id='line_1_1' title="bbox 582 523 1486 601; baseline 0.008 -18"><span class='ocrx_word' id='word_1_1' title='bbox 582 523 704 583; x_wconf 70' lang='lat' dir='ltr'><strong>tonum</strong></span> <span class='ocrx_word' id='word_1_2' title='bbox 721 523 880 581; x_wconf 74' lang='lat' dir='ltr'><strong>srtsrott</strong></span> <span class='ocrx_word' id='word_1_3' title='bbox 898 525 944 580; x_wconf 84' lang='lat' dir='ltr'><strong>tto</strong></span> <span class='ocrx_word' id='word_1_4' title='bbox 962 524 1128 584; x_wconf 68' lang='lat' dir='ltr'><strong>ROMANOS.</strong></span> <span class='ocrx_word' id='word_1_5' title='bbox 1146 527 1187 584; x_wconf 81' lang='lat' dir='ltr'><strong>VI.</strong></span> <span class='ocrx_word' id='word_1_6' title='bbox 1206 528 1261 585; x_wconf 76' lang='lat' dir='ltr'><strong>vlt</strong></span> <span class='ocrx_word' id='word_1_7' title='bbox 1421 536 1486 601; x_wconf 79' lang='lat'><strong>205</strong></span> 
     </span>
    </p>
   </div>
   <div class='ocr_carea' id='block_1_2' title="bbox 464 776 1277 863">
    <p class='ocr_par' dir='ltr' id='par_1_2' title="bbox 464 776 1277 863">
     <span class='ocr_line' id='line_1_2' title="bbox 464 776 1277 863; baseline 0.006 -25"><span class='ocrx_word' id='word_1_8' title='bbox 464 785 465 788; x_wconf 76' lang='grc'>’</span> <span class='ocrx_word' id='word_1_9' title='bbox 570 777 616 840; x_wconf 88' lang='lat' dir='ltr'><strong>vl.</strong></span> <span class='ocrx_word' id='word_1_10' title='bbox 659 776 758 863; x_wconf 77' lang='lat' dir='ltr'><strong>Morte</strong></span> <span class='ocrx_word' id='word_1_11' title='bbox 779 796 847 840; x_wconf 85' lang='lat' dir='ltr'><strong>mea</strong></span> <span class='ocrx_word' id='word_1_12' title='bbox 868 797 975 842; x_wconf 83' lang='lat' dir='ltr'><strong>veram</strong></span> <span class='ocrx_word' id='word_1_13' title='bbox 996 780 1092 843; x_wconf 82' lang='lat' dir='ltr'><strong>vitam</strong></span> <span class='ocrx_word' id='word_1_14' title='bbox 1115 798 1277 862; x_wconf 79' lang='lat' dir='ltr'><strong>assequor.</strong></span> 
     </span>
    </p>
   </div>
   <div class='ocr_carea' id='block_1_3' title="bbox 350 898 1485 2138">
    <p class='ocr_par' dir='ltr' id='par_1_3' title="bbox 350 898 1485 2138">
     <span class='ocr_line' id='line_1_3' title="bbox 453 898 1484 986; baseline 0.006 -23"><span class='ocrx_word' id='word_1_15' title='bbox 453 898 551 963; x_wconf 83' lang='lat' dir='ltr'><strong>&#39;Nihil</strong></span> <span class='ocrx_word' id='word_1_16' title='bbox 574 899 642 962; x_wconf 90' lang='lat' dir='ltr'><strong>mihi</strong></span> <span class='ocrx_word' id='word_1_17' title='bbox 664 900 830 982; x_wconf 87' lang='lat' dir='ltr'><strong>proderunt</strong></span> <span class='ocrx_word' id='word_1_18' title='bbox 852 901 952 964; x_wconf 86' lang='lat' dir='ltr'><strong>mundi</strong></span> <span class='ocrx_word' id='word_1_19' title='bbox 968 903 1145 984; x_wconf 82' lang='lat' dir='ltr'><strong>voluptates,</strong></span> <span class='ocrx_word' id='word_1_20' title='bbox 1168 921 1268 984; x_wconf 84' lang='lat' dir='ltr'><strong>neque</strong></span> <span class='ocrx_word' id='word_1_21' title='bbox 1287 903 1375 986; x_wconf 87' lang='lat' dir='ltr'><strong>hujus</strong></span> <span class='ocrx_word' id='word_1_22' title='bbox 1391 907 1484 969; x_wconf 91' lang='lat' dir='ltr'><strong>seculi</strong></span> 
     </span>
     <span class='ocr_line' id='line_1_4' title="bbox 355 1001 1485 1088; baseline 0.006 -20"><span class='ocrx_word' id='word_1_23' title='bbox 355 1023 464 1087; x_wconf 84' lang='lat' dir='ltr'><strong>regna.</strong></span> <span class='ocrx_word' id='word_1_24' title='bbox 511 1001 670 1068; x_wconf 76' lang='lat' dir='ltr'><strong>²Praastat</strong></span> <span class='ocrx_word' id='word_1_25' title='bbox 703 1005 790 1084; x_wconf 79' lang='lat' dir='ltr'><strong>mihi,</strong></span> <span class='ocrx_word' id='word_1_26' title='bbox 824 1006 853 1067; x_wconf 89' lang='lat' dir='ltr'><strong>iu</strong></span> <span class='ocrx_word' id='word_1_27' title='bbox 882 1005 957 1070; x_wconf 79' lang='lat' dir='ltr'><strong>iesu</strong></span> <span class='ocrx_word' id='word_1_28' title='bbox 988 1007 1105 1071; x_wconf 86' lang='lat' dir='ltr'><strong>Christo</strong></span> <span class='ocrx_word' id='word_1_29' title='bbox 1135 1009 1227 1088; x_wconf 92' lang='lat' dir='ltr'><strong>mori,</strong></span> <span class='ocrx_word' id='word_1_30' title='bbox 1262 1027 1348 1088; x_wconf 84' lang='lat' dir='ltr'><strong>quam</strong></span> <span class='ocrx_word' id='word_1_31' title='bbox 1378 1009 1485 1075; x_wconf 89' lang='lat' dir='ltr'><strong>finibus</strong></span> 
     </span>
     <span class='ocr_line' id='line_1_5' title="bbox 355 1107 1485 1195; baseline 0.006 -23"><span class='ocrx_word' id='word_1_32' title='bbox 355 1116 460 1174; x_wconf 84' lang='lat' dir='ltr'><strong>terrae</strong></span> <span class='ocrx_word' id='word_1_33' title='bbox 482 1112 639 1192; x_wconf 85' lang='lat' dir='ltr'><strong>imperare.</strong></span> <span class='ocrx_word' id='word_1_34' title='bbox 685 1107 716 1195; x_wconf 85' lang='lat'><strong>[³</strong></span> <span class='ocrx_word' id='word_1_35' title='bbox 733 1110 817 1187; x_wconf 81' lang='lat' dir='ltr'><strong>Quid</strong></span> <span class='ocrx_word' id='word_1_36' title='bbox 838 1111 920 1173; x_wconf 87' lang='lat' dir='ltr'><strong>enim</strong></span> <span class='ocrx_word' id='word_1_37' title='bbox 937 1113 1071 1194; x_wconf 82' lang='lat' dir='ltr'><strong>prodest</strong></span> <span class='ocrx_word' id='word_1_38' title='bbox 1090 1113 1224 1189; x_wconf 80' lang='lat' dir='ltr'><strong>leonini,</strong></span> <span class='ocrx_word' id='word_1_39' title='bbox 1253 1114 1282 1176; x_wconf 78' lang='lat' dir='ltr'><strong>ai</strong></span> <span class='ocrx_word' id='word_1_40' title='bbox 1304 1114 1485 1178; x_wconf 82' lang='lat' dir='ltr'><strong>universnm</strong></span> 
     </span>
     <span class='ocr_line' id='line_1_6' title="bbox 356 1215 1482 1305; baseline 0.006 -29"><span class='ocrx_word' id='word_1_41' title='bbox 356 1215 682 1293; x_wconf 65' lang='lat' dir='ltr'><strong>nundentonam,</strong></span> <span class='ocrx_word' id='word_1_42' title='bbox 715 1217 838 1278; x_wconf 81' lang='lat' dir='ltr'><strong>animae</strong></span> <span class='ocrx_word' id='word_1_43' title='bbox 861 1237 937 1281; x_wconf 83' lang='lat' dir='ltr'><strong>aero</strong></span> <span class='ocrx_word' id='word_1_44' title='bbox 959 1236 1036 1281; x_wconf 79' lang='lat' dir='ltr'><strong>snae</strong></span> <span class='ocrx_word' id='word_1_45' title='bbox 1063 1219 1278 1282; x_wconf 72' lang='lat' dir='ltr'><strong><em>detrimentum</em></strong></span> <span class='ocrx_word' id='word_1_46' title='bbox 1295 1216 1482 1305; x_wconf 72' lang='lat' dir='ltr'><strong>potintnri]</strong></span> 
     </span>
     <span class='ocr_line' id='line_1_7' title="bbox 356 1302 1484 1408; baseline 0.004 -25"><span class='ocrx_word' id='word_1_47' title='bbox 356 1319 446 1384; x_wconf 63' lang='lat' dir='ltr'><strong>illum*</strong></span> <span class='ocrx_word' id='word_1_48' title='bbox 466 1338 589 1402; x_wconf 84' lang='lat' dir='ltr'><strong>quaero,</strong></span> <span class='ocrx_word' id='word_1_49' title='bbox 613 1320 664 1402; x_wconf 87' lang='lat' dir='ltr'><strong>qui</strong></span> <span class='ocrx_word' id='word_1_50' title='bbox 686 1338 741 1400; x_wconf 91' lang='lat' dir='ltr'><strong>pro</strong></span> <span class='ocrx_word' id='word_1_51' title='bbox 758 1322 844 1385; x_wconf 88' lang='lat' dir='ltr'><strong>nobis</strong></span> <span class='ocrx_word' id='word_1_52' title='bbox 860 1329 993 1386; x_wconf 87' lang='lat' dir='ltr'><strong>mortuus</strong></span> <span class='ocrx_word' id='word_1_53' title='bbox 1010 1330 1055 1386; x_wconf 85' lang='lat' dir='ltr'><strong>est</strong></span> <span class='ocrx_word' id='word_1_54' title='bbox 1064 1343 1074 1400; x_wconf 91' lang='lat'>;</span> <span class='ocrx_word' id='word_1_55' title='bbox 1097 1323 1176 1386; x_wconf 84' lang='lat' dir='ltr'><strong>ilium</strong></span> <span class='ocrx_word' id='word_1_56' title='bbox 1193 1302 1273 1402; x_wconf 75' lang='lat' dir='ltr'><strong>voio,</strong></span> <span class='ocrx_word' id='word_1_57' title='bbox 1297 1326 1346 1405; x_wconf 89' lang='lat' dir='ltr'><strong>qui</strong></span> <span class='ocrx_word' id='word_1_58' title='bbox 1362 1332 1484 1408; x_wconf 88' lang='lat' dir='ltr'><strong>propter</strong></span> 
     </span>
     <span class='ocr_line' id='line_1_8' title="bbox 357 1422 1483 1512; baseline 0.004 -23"><span class='ocrx_word' id='word_1_59' title='bbox 357 1443 416 1489; x_wconf 91' lang='lat' dir='ltr'><strong>nos</strong></span> <span class='ocrx_word' id='word_1_60' title='bbox 439 1426 614 1488; x_wconf 81' lang='lat' dir='ltr'><strong>resurrexit.</strong></span> <span class='ocrx_word' id='word_1_61' title='bbox 661 1422 791 1488; x_wconf 75' lang='lat' dir='ltr'><strong>⁴ranus</strong></span> <span class='ocrx_word' id='word_1_62' title='bbox 821 1427 891 1490; x_wconf 87' lang='lat' dir='ltr'><strong>mihi</strong></span> <span class='ocrx_word' id='word_1_63' title='bbox 921 1429 1016 1491; x_wconf 88' lang='lat' dir='ltr'><strong>instat.</strong></span> <span class='ocrx_word' id='word_1_64' title='bbox 1061 1428 1211 1512; x_wconf 84' lang='lat' dir='ltr'><strong>ignoscite</strong></span> <span class='ocrx_word' id='word_1_65' title='bbox 1238 1428 1326 1509; x_wconf 87' lang='lat' dir='ltr'><strong>mihi,</strong></span> <span class='ocrx_word' id='word_1_66' title='bbox 1356 1430 1483 1494; x_wconf 72' lang='lat' dir='ltr'><strong>iratres!</strong></span> 
     </span>
     <span class='ocr_line' id='line_1_9' title="bbox 356 1530 1482 1613; baseline 0.004 -19"><span class='ocrx_word' id='word_1_67' title='bbox 356 1531 413 1594; x_wconf 87' lang='lat' dir='ltr'><strong>Ne·</strong></span> <span class='ocrx_word' id='word_1_68' title='bbox 427 1549 475 1594; x_wconf 86' lang='lat' dir='ltr'><strong>mo</strong></span> <span class='ocrx_word' id='word_1_69' title='bbox 497 1531 601 1594; x_wconf 84' lang='lat' dir='ltr'><strong>vivere</strong></span> <span class='ocrx_word' id='word_1_70' title='bbox 623 1530 788 1613; x_wconf 88' lang='lat' dir='ltr'><strong>impediatis</strong></span> <span class='ocrx_word' id='word_1_71' title='bbox 796 1552 806 1609; x_wconf 89' lang='lat'>;</span> <span class='ocrx_word' id='word_1_72' title='bbox 837 1552 877 1596; x_wconf 85' lang='lat' dir='ltr'><strong>na</strong></span> <span class='ocrx_word' id='word_1_73' title='bbox 907 1534 1005 1596; x_wconf 86' lang='lat' dir='ltr'><strong>velitis</strong></span> <span class='ocrx_word' id='word_1_74' title='bbox 1033 1531 1104 1596; x_wconf 87' lang='lat' dir='ltr'><strong>⁵me</strong></span> <span class='ocrx_word' id='word_1_75' title='bbox 1128 1530 1226 1610; x_wconf 86' lang='lat' dir='ltr'><strong>¹mori;</strong></span> <span class='ocrx_word' id='word_1_76' title='bbox 1257 1552 1304 1597; x_wconf 90' lang='lat' dir='ltr'><strong>me</strong></span> <span class='ocrx_word' id='word_1_77' title='bbox 1327 1535 1383 1598; x_wconf 90' lang='lat' dir='ltr'><strong>Dei</strong></span> <span class='ocrx_word' id='word_1_78' title='bbox 1414 1554 1482 1599; x_wconf 84' lang='lat' dir='ltr'><strong>esse</strong></span> 
     </span>
     <span class='ocr_line' id='line_1_10' title="bbox 357 1631 1482 1722; baseline 0.004 -24"><span class='ocrx_word' id='word_1_79' title='bbox 357 1637 528 1718; x_wconf 86' lang='lat' dir='ltr'><strong>cupientem</strong></span> <span class='ocrx_word' id='word_1_80' title='bbox 550 1635 661 1699; x_wconf 90' lang='lat' dir='ltr'><strong>muodo</strong></span> <span class='ocrx_word' id='word_1_81' title='bbox 684 1655 723 1699; x_wconf 87' lang='lat' dir='ltr'><strong>ne</strong></span> <span class='ocrx_word' id='word_1_82' title='bbox 747 1631 892 1701; x_wconf 80' lang='lat' dir='ltr'><strong>⁶tradatis</strong></span> <span class='ocrx_word' id='word_1_83' title='bbox 915 1632 1054 1722; x_wconf 81' lang='lat' dir='ltr'><strong>[⁷nequo</strong></span> <span class='ocrx_word' id='word_1_84' title='bbox 1077 1659 1132 1722; x_wconf 91' lang='lat' dir='ltr'><strong>per</strong></span> <span class='ocrx_word' id='word_1_85' title='bbox 1154 1639 1304 1703; x_wconf 81' lang='lat' dir='ltr'><strong>oratoriam</strong></span> <span class='ocrx_word' id='word_1_86' title='bbox 1324 1658 1372 1702; x_wconf 91' lang='lat' dir='ltr'><strong>me</strong></span> <span class='ocrx_word' id='word_1_87' title='bbox 1387 1641 1482 1703; x_wconf 87' lang='lat' dir='ltr'><strong>sedu-</strong></span> 
     </span>
     <span class='ocr_line' id='line_1_11' title="bbox 350 1737 1481 1826; baseline 0.004 -22"><span class='ocrx_word' id='word_1_88' title='bbox 350 1737 457 1825; x_wconf 70' lang='lat' dir='ltr'><strong>anos}</strong></span> <span class='ocrx_word' id='word_1_89' title='bbox 504 1741 597 1807; x_wconf 85' lang='lat' dir='ltr'><strong>Sinite</strong></span> <span class='ocrx_word' id='word_1_90' title='bbox 620 1760 668 1804; x_wconf 86' lang='lat' dir='ltr'><strong>mo</strong></span> <span class='ocrx_word' id='word_1_91' title='bbox 690 1760 795 1822; x_wconf 87' lang='lat' dir='ltr'><strong>purum</strong></span> <span class='ocrx_word' id='word_1_92' title='bbox 817 1743 915 1805; x_wconf 86' lang='lat' dir='ltr'><strong>lumen</strong></span> <span class='ocrx_word' id='word_1_93' title='bbox 939 1739 1095 1826; x_wconf 83' lang='lat' dir='ltr'><strong>percipere</strong></span> <span class='ocrx_word' id='word_1_94' title='bbox 1104 1766 1113 1822; x_wconf 92' lang='lat'>;</span> <span class='ocrx_word' id='word_1_95' title='bbox 1142 1746 1192 1809; x_wconf 86' lang='lat' dir='ltr'><strong>ubi</strong></span> <span class='ocrx_word' id='word_1_96' title='bbox 1220 1746 1289 1809; x_wconf 87' lang='lat' dir='ltr'><strong>iliuo</strong></span> <span class='ocrx_word' id='word_1_97' title='bbox 1320 1744 1481 1825; x_wconf 82' lang='lat' dir='ltr'><strong>advenero,</strong></span> 
     </span>
     <span class='ocr_line' id='line_1_12' title="bbox 356 1829 1482 1934; baseline 0.005 -26"><span class='ocrx_word' id='word_1_98' title='bbox 356 1845 449 1909; x_wconf 91' lang='lat' dir='ltr'><strong>homo</strong></span> <span class='ocrx_word' id='word_1_99' title='bbox 474 1845 529 1906; x_wconf 89' lang='lat' dir='ltr'><strong>Dei</strong></span> <span class='ocrx_word' id='word_1_100' title='bbox 552 1864 615 1908; x_wconf 85' lang='lat' dir='ltr'><strong>ero.</strong></span> <span class='ocrx_word' id='word_1_101' title='bbox 660 1832 850 1910; x_wconf 79' lang='lat' dir='ltr'><strong>⁸cmceotie</strong></span> <span class='ocrx_word' id='word_1_102' title='bbox 873 1849 943 1910; x_wconf 86' lang='lat' dir='ltr'><strong>mihi</strong></span> <span class='ocrx_word' id='word_1_103' title='bbox 966 1850 1140 1912; x_wconf 67' lang='lat' dir='ltr'><strong>imitatorem</strong></span> <span class='ocrx_word' id='word_1_104' title='bbox 1165 1869 1233 1916; x_wconf 87' lang='lat' dir='ltr'><strong>esso</strong></span> <span class='ocrx_word' id='word_1_105' title='bbox 1257 1851 1405 1934; x_wconf 86' lang='lat' dir='ltr'><strong>passionis</strong></span> <span class='ocrx_word' id='word_1_106' title='bbox 1427 1829 1482 1914; x_wconf 78' lang='lat' dir='ltr'><strong>Dei</strong></span> 
     </span>
     <span class='ocr_line' id='line_1_13' title="bbox 355 1951 1482 2038; baseline 0.004 -24"><span class='ocrx_word' id='word_1_107' title='bbox 355 1952 424 2015; x_wconf 89' lang='lat' dir='ltr'><strong>mei.</strong></span> <span class='ocrx_word' id='word_1_108' title='bbox 472 1952 503 2017; x_wconf 89' lang='lat' dir='ltr'><strong>Si</strong></span> <span class='ocrx_word' id='word_1_109' title='bbox 526 1952 591 2032; x_wconf 84' lang='lat' dir='ltr'><strong>quis</strong></span> <span class='ocrx_word' id='word_1_110' title='bbox 615 1951 693 2014; x_wconf 85' lang='lat' dir='ltr'><strong>iilum</strong></span> <span class='ocrx_word' id='word_1_111' title='bbox 717 1953 746 2015; x_wconf 89' lang='lat' dir='ltr'><strong>in</strong></span> <span class='ocrx_word' id='word_1_112' title='bbox 771 1954 871 2035; x_wconf 90' lang='lat' dir='ltr'><strong>seipso</strong></span> <span class='ocrx_word' id='word_1_113' title='bbox 894 1953 999 2033; x_wconf 87' lang='lat' dir='ltr'><strong>habet,</strong></span> <span class='ocrx_word' id='word_1_114' title='bbox 1030 1956 1188 2036; x_wconf 84' lang='lat' dir='ltr'><strong>intelligat,</strong></span> <span class='ocrx_word' id='word_1_115' title='bbox 1219 1957 1289 2038; x_wconf 88' lang='lat' dir='ltr'><strong>quid</strong></span> <span class='ocrx_word' id='word_1_116' title='bbox 1317 1958 1424 2037; x_wconf 87' lang='lat' dir='ltr'><strong>velim,</strong></span> <span class='ocrx_word' id='word_1_117' title='bbox 1453 1963 1482 2019; x_wconf 86' lang='lat' dir='ltr'><strong>et</strong></span> 
     </span>
     <span class='ocr_line' id='line_1_14' title="bbox 356 2055 1208 2138; baseline 0.002 -18"><span class='ocrx_word' id='word_1_118' title='bbox 356 2057 603 2121; x_wconf 76' lang='lat' dir='ltr'><strong>commiseramur</strong></span> <span class='ocrx_word' id='word_1_119' title='bbox 626 2059 694 2137; x_wconf 87' lang='lat' dir='ltr'><strong>mei,</strong></span> <span class='ocrx_word' id='word_1_120' title='bbox 717 2058 825 2137; x_wconf 89' lang='lat' dir='ltr'><strong>sciens,</strong></span> <span class='ocrx_word' id='word_1_121' title='bbox 850 2075 927 2138; x_wconf 88' lang='lat' dir='ltr'><strong>quae</strong></span> <span class='ocrx_word' id='word_1_122' title='bbox 950 2078 997 2122; x_wconf 87' lang='lat' dir='ltr'><strong>mo</strong></span> <span class='ocrx_word' id='word_1_123' title='bbox 1020 2055 1208 2124; x_wconf 86' lang='lat' dir='ltr'><strong>⁹coarctent.</strong></span> 
     </span>
    </p>
   </div>
   <div class='ocr_carea' id='block_1_4' title="bbox 444 2349 1489 2561">
    <p class='ocr_par' dir='ltr' id='par_1_4' title="bbox 444 2349 1489 2561">
     <span class='ocr_line' id='line_1_15' title="bbox 444 2349 1489 2433; baseline 0.004 -17"><span class='ocrx_word' id='word_1_124' title='bbox 444 2354 503 2417; x_wconf 87' lang='lat' dir='ltr'><strong>vlt.</strong></span> <span class='ocrx_word' id='word_1_125' title='bbox 534 2355 630 2417; x_wconf 69' lang='lat' dir='ltr'><strong>Mori</strong></span> <span class='ocrx_word' id='word_1_126' title='bbox 653 2355 812 2432; x_wconf 77' lang='lat' dir='ltr'><strong>desidero,</strong></span> <span class='ocrx_word' id='word_1_127' title='bbox 836 2374 907 2418; x_wconf 85' lang='lat' dir='ltr'><strong>nom</strong></span> <span class='ocrx_word' id='word_1_128' title='bbox 928 2374 1018 2419; x_wconf 87' lang='lat' dir='ltr'><strong>nmor</strong></span> <span class='ocrx_word' id='word_1_129' title='bbox 1039 2349 1318 2433; x_wconf 74' lang='lat' dir='ltr'><strong>mensornoifioens</strong></span> <span class='ocrx_word' id='word_1_130' title='bbox 1340 2366 1395 2420; x_wconf 76' lang='lat' dir='ltr'><strong>est.</strong></span> <span class='ocrx_word' id='word_1_131' title='bbox 1487 2364 1489 2367; x_wconf 81' lang='grc'><strong>’</strong></span> 
     </span>
     <span class='ocr_line' id='line_1_16' title="bbox 448 2470 1478 2561; baseline 0.001 -23"><span class='ocrx_word' id='word_1_132' title='bbox 448 2470 473 2513; x_wconf 87' lang='lat'><strong>¹⁰</strong></span> <span class='ocrx_word' id='word_1_133' title='bbox 486 2477 625 2557; x_wconf 86' lang='lat' dir='ltr'><strong>Princeps</strong></span> <span class='ocrx_word' id='word_1_134' title='bbox 658 2477 746 2561; x_wconf 85' lang='lat' dir='ltr'><strong>hujus</strong></span> <span class='ocrx_word' id='word_1_135' title='bbox 778 2478 872 2540; x_wconf 83' lang='lat' dir='ltr'><strong>seculi</strong></span> <span class='ocrx_word' id='word_1_136' title='bbox 901 2496 1008 2558; x_wconf 84' lang='lat' dir='ltr'><strong>rapere</strong></span> <span class='ocrx_word' id='word_1_137' title='bbox 1038 2497 1085 2539; x_wconf 87' lang='lat' dir='ltr'><strong>me</strong></span> <span class='ocrx_word' id='word_1_138' title='bbox 1116 2477 1194 2554; x_wconf 86' lang='lat' dir='ltr'><strong>vuit,</strong></span> <span class='ocrx_word' id='word_1_139' title='bbox 1229 2495 1383 2559; x_wconf 81' lang='lat' dir='ltr'><strong>meamque</strong></span> <span class='ocrx_word' id='word_1_140' title='bbox 1406 2496 1478 2561; x_wconf 85' lang='lat' dir='ltr'><strong>erga</strong></span> 
     </span>
    </p>
   </div>
   <div class='ocr_carea' id='block_1_5' title="bbox 355 2579 1590 2664">
    <p class='ocr_par' dir='ltr' id='par_1_5' title="bbox 355 2579 1590 2664">
     <span class='ocr_line' id='line_1_17' title="bbox 355 2579 1590 2664; baseline -0.001 -19"><span class='ocrx_word' id='word_1_141' title='bbox 355 2583 452 2645; x_wconf 88' lang='lat' dir='ltr'><strong>Deum</strong></span> <span class='ocrx_word' id='word_1_142' title='bbox 476 2583 656 2645; x_wconf 81' lang='lat' dir='ltr'><strong>voluntatem</strong></span> <span class='ocrx_word' id='word_1_143' title='bbox 673 2601 875 2664; x_wconf 83' lang='lat' dir='ltr'><strong>corrumpere.</strong></span> <span class='ocrx_word' id='word_1_144' title='bbox 920 2582 1015 2646; x_wconf 87' lang='lat' dir='ltr'><strong>Nemo</strong></span> <span class='ocrx_word' id='word_1_145' title='bbox 1032 2600 1106 2664; x_wconf 82' lang='lat' dir='ltr'><strong>ergo</strong></span> <span class='ocrx_word' id='word_1_146' title='bbox 1122 2588 1262 2659; x_wconf 88' lang='lat' dir='ltr'><strong>vestrum,</strong></span> <span class='ocrx_word' id='word_1_147' title='bbox 1285 2584 1335 2664; x_wconf 90' lang='lat' dir='ltr'><strong>qui</strong></span> <span class='ocrx_word' id='word_1_148' title='bbox 1357 2583 1477 2662; x_wconf 86' lang='lat' dir='ltr'><strong>adestis,</strong></span> <span class='ocrx_word' id='word_1_149' title='bbox 1588 2579 1590 2582; x_wconf 67' lang='grc'>’</span> 
     </span>
    </p>
   </div>
   <div class='ocr_carea' id='block_1_6' title="bbox 353 2686 1477 2771">
    <p class='ocr_par' dir='ltr' id='par_1_6' title="bbox 353 2686 1477 2771">
     <span class='ocr_line' id='line_1_18' title="bbox 353 2686 1477 2771; baseline 0.003 -23"><span class='ocrx_word' id='word_1_150' title='bbox 353 2687 437 2750; x_wconf 84' lang='lat' dir='ltr'><strong>illum</strong></span> <span class='ocrx_word' id='word_1_151' title='bbox 453 2687 591 2771; x_wconf 85' lang='lat' dir='ltr'><strong>adjuvet;</strong></span> <span class='ocrx_word' id='word_1_152' title='bbox 614 2689 671 2750; x_wconf 81' lang='lat' dir='ltr'><strong>urei</strong></span> <span class='ocrx_word' id='word_1_153' title='bbox 686 2689 795 2769; x_wconf 87' lang='lat' dir='ltr'><strong>potius,</strong></span> <span class='ocrx_word' id='word_1_154' title='bbox 817 2688 836 2749; x_wconf 93' lang='lat' dir='ltr'><strong>i.</strong></span> <span class='ocrx_word' id='word_1_155' title='bbox 853 2707 879 2751; x_wconf 87' lang='lat' dir='ltr'><strong>e.</strong></span> <span class='ocrx_word' id='word_1_156' title='bbox 897 2688 962 2768; x_wconf 89' lang='lat' dir='ltr'><strong>Dei,</strong></span> <span class='ocrx_word' id='word_1_157' title='bbox 987 2686 1199 2752; x_wconf 84' lang='lat' dir='ltr'><strong>¹¹eitieiamini.</strong></span> <span class='ocrx_word' id='word_1_158' title='bbox 1236 2688 1303 2752; x_wconf 90' lang='lat' dir='ltr'><strong>Non</strong></span> <span class='ocrx_word' id='word_1_159' title='bbox 1325 2688 1477 2770; x_wconf 86' lang='lat' dir='ltr'><strong>loquimini</strong></span> 
     </span>
    </p>
   </div>
   <div class='ocr_carea' id='block_1_7' title="bbox 342 2893 1475 4181">
    <p class='ocr_par' dir='ltr' id='par_1_7' title="bbox 342 2893 1475 4181">
     <span class='ocr_line' id='line_1_19' title="bbox 351 2893 1475 2964; baseline 0 -17"><span class='ocrx_word' id='word_1_160' title='bbox 351 2894 461 2962; x_wconf 77' lang='lat' dir='ltr'><strong>mnndi]</strong></span> <span class='ocrx_word' id='word_1_161' title='bbox 476 2897 685 2963; x_wconf 74' lang='lat' dir='ltr'><strong>otiqnirisneere,</strong></span> <span class='ocrx_word' id='word_1_162' title='bbox 701 2897 811 2948; x_wconf 80' lang='lat' dir='ltr'><strong>tradere.</strong></span> <span class='ocrx_word' id='word_1_163' title='bbox 834 2894 902 2947; x_wconf 86' lang='lat' dir='ltr'><strong>Haec</strong></span> <span class='ocrx_word' id='word_1_164' title='bbox 930 2901 986 2949; x_wconf 78' lang='lat' dir='ltr'><strong>tneo</strong></span> <span class='ocrx_word' id='word_1_165' title='bbox 1009 2893 1196 2960; x_wconf 77' lang='lat' dir='ltr'><strong>Alexandrino,</strong></span> <span class='ocrx_word' id='word_1_166' title='bbox 1222 2903 1251 2946; x_wconf 82' lang='lat' dir='ltr'><strong>ut</strong></span> <span class='ocrx_word' id='word_1_167' title='bbox 1277 2912 1308 2947; x_wconf 86' lang='lat' dir='ltr'><strong>ex</strong></span> <span class='ocrx_word' id='word_1_168' title='bbox 1334 2895 1475 2964; x_wconf 77' lang='lat' dir='ltr'><strong>fragmento</strong></span> 
     </span>
     <span class='ocr_line' id='line_1_20' title="bbox 342 2979 1457 3050; baseline 0.003 -19"><span class='ocrx_word' id='word_1_169' title='bbox 342 2979 434 3045; x_wconf 35' lang='lat' dir='ltr'><strong>‘lectio</strong></span> <span class='ocrx_word' id='word_1_170' title='bbox 459 2983 590 3046; x_wconf 64' lang='grc' dir='ltr'><em>χαρίσησθε</em></span> <span class='ocrx_word' id='word_1_171' title='bbox 611 2998 660 3032; x_wconf 87' lang='lat' dir='ltr'><strong>uon</strong></span> <span class='ocrx_word' id='word_1_172' title='bbox 679 2981 760 3032; x_wconf 80' lang='lat' dir='ltr'><strong>solum</strong></span> <span class='ocrx_word' id='word_1_173' title='bbox 780 2984 901 3048; x_wconf 86' lang='lat' dir='ltr'><strong>optimum</strong></span> <span class='ocrx_word' id='word_1_174' title='bbox 930 2981 1042 3047; x_wconf 77' lang='lat' dir='ltr'><strong>ejusdem</strong></span> <span class='ocrx_word' id='word_1_175' title='bbox 1063 2985 1190 3047; x_wconf 71' lang='lat' dir='ltr'><strong>(Carrion</strong></span> <span class='ocrx_word' id='word_1_176' title='bbox 1208 2982 1224 3033; x_wconf 90' lang='lat' dir='ltr'><strong>l.</strong></span> <span class='ocrx_word' id='word_1_177' title='bbox 1243 2985 1279 3044; x_wconf 87' lang='lat' dir='ltr'><strong>c.)</strong></span> <span class='ocrx_word' id='word_1_178' title='bbox 1299 2985 1457 3050; x_wconf 70' lang='lat' dir='ltr'><strong>perspicitur.</strong></span> 
     </span>
     <span class='ocr_line' id='line_1_21' title="bbox 350 3064 1474 3136; baseline 0 -15"><span class='ocrx_word' id='word_1_179' title='bbox 350 3068 457 3121; x_wconf 73' lang='lat' dir='ltr'><strong>sensum</strong></span> <span class='ocrx_word' id='word_1_180' title='bbox 475 3067 591 3134; x_wconf 77' lang='lat' dir='ltr'><strong>praebet,</strong></span> <span class='ocrx_word' id='word_1_181' title='bbox 610 3067 655 3119; x_wconf 85' lang='lat' dir='ltr'><strong>sed</strong></span> <span class='ocrx_word' id='word_1_182' title='bbox 670 3070 745 3119; x_wconf 88' lang='lat' dir='ltr'><strong>etiam</strong></span> <span class='ocrx_word' id='word_1_183' title='bbox 759 3085 816 3118; x_wconf 87' lang='lat' dir='ltr'><strong>cam</strong></span> <span class='ocrx_word' id='word_1_184' title='bbox 829 3069 900 3136; x_wconf 84' lang='lat' dir='ltr'><strong>irng-</strong></span> <span class='ocrx_word' id='word_1_185' title='bbox 963 3068 994 3134; x_wconf 73' lang='lat'><strong>8)</strong></span> <span class='ocrx_word' id='word_1_186' title='bbox 1012 3064 1173 3136; x_wconf 66' lang='lat' dir='ltr'><strong>&#39;Eparpsparr</strong></span> <span class='ocrx_word' id='word_1_187' title='bbox 1190 3106 1196 3117; x_wconf 95' lang='lat'><strong>.</strong></span> <span class='ocrx_word' id='word_1_188' title='bbox 1215 3105 1220 3117; x_wconf 92' lang='lat'><strong>.</strong></span> <span class='ocrx_word' id='word_1_189' title='bbox 1241 3069 1305 3119; x_wconf 74' lang='grc' dir='ltr'><strong>Θεοῦ</strong></span> <span class='ocrx_word' id='word_1_190' title='bbox 1321 3087 1376 3133; x_wconf 82' lang='grc' dir='ltr'><strong>μου.</strong></span> <span class='ocrx_word' id='word_1_191' title='bbox 1403 3069 1474 3121; x_wconf 85' lang='lat' dir='ltr'><strong>Haeo</strong></span> 
     </span>
     <span class='ocr_line' id='line_1_22' title="bbox 350 3153 1473 3225; baseline 0.004 -19"><span class='ocrx_word' id='word_1_192' title='bbox 350 3163 441 3206; x_wconf 74' lang='lat' dir='ltr'><strong>mento</strong></span> <span class='ocrx_word' id='word_1_193' title='bbox 469 3153 593 3205; x_wconf 77' lang='lat' dir='ltr'><strong>Timothei</strong></span> <span class='ocrx_word' id='word_1_194' title='bbox 621 3153 726 3220; x_wconf 77' lang='lat' dir='ltr'><strong>Syriaco</strong></span> <span class='ocrx_word' id='word_1_195' title='bbox 754 3155 900 3219; x_wconf 75' lang='lat' dir='ltr'><strong>concordat,</strong></span> <span class='ocrx_word' id='word_1_196' title='bbox 929 3170 979 3205; x_wconf 87' lang='lat' dir='ltr'><strong>non</strong></span> <span class='ocrx_word' id='word_1_197' title='bbox 1009 3154 1089 3205; x_wconf 82' lang='lat' dir='ltr'><strong>sotum</strong></span> <span class='ocrx_word' id='word_1_198' title='bbox 1117 3157 1140 3206; x_wconf 88' lang='lat' dir='ltr'><strong>in</strong></span> <span class='ocrx_word' id='word_1_199' title='bbox 1168 3157 1310 3224; x_wconf 79' lang='lat' dir='ltr'><strong>fragmento</strong></span> <span class='ocrx_word' id='word_1_200' title='bbox 1335 3160 1473 3225; x_wconf 69' lang='lat' dir='ltr'><strong>Timothei,</strong></span> 
     </span>
     <span class='ocr_line' id='line_1_23' title="bbox 349 3235 1475 3311; baseline 0.002 -18"><span class='ocrx_word' id='word_1_201' title='bbox 349 3242 380 3293; x_wconf 87' lang='lat' dir='ltr'><strong>in</strong></span> <span class='ocrx_word' id='word_1_202' title='bbox 400 3256 452 3310; x_wconf 83' lang='lat' dir='ltr'><strong>quo</strong></span> <span class='ocrx_word' id='word_1_203' title='bbox 471 3240 576 3309; x_wconf 75' lang='lat' dir='ltr'><strong>legitur:</strong></span> <span class='ocrx_word' id='word_1_204' title='bbox 595 3244 676 3294; x_wconf 79' lang='lat' dir='ltr'><strong>sentite</strong></span> <span class='ocrx_word' id='word_1_205' title='bbox 693 3246 806 3311; x_wconf 72' lang='lat' dir='ltr'><strong>efficere,</strong></span> <span class='ocrx_word' id='word_1_206' title='bbox 826 3247 902 3296; x_wconf 86' lang='lat' dir='ltr'><strong>utin</strong></span> <span class='ocrx_word' id='word_1_207' title='bbox 928 3242 974 3292; x_wconf 84' lang='lat' dir='ltr'><strong>sed</strong></span> <span class='ocrx_word' id='word_1_208' title='bbox 1001 3244 1076 3293; x_wconf 87' lang='lat' dir='ltr'><strong>etiam</strong></span> <span class='ocrx_word' id='word_1_209' title='bbox 1089 3235 1120 3294; x_wconf 56' lang='lat' dir='ltr'><strong>&#39;in</strong></span> <span class='ocrx_word' id='word_1_210' title='bbox 1133 3243 1250 3309; x_wconf 74' lang='lat' dir='ltr'><strong>Syriacis</strong></span> <span class='ocrx_word' id='word_1_211' title='bbox 1269 3248 1362 3299; x_wconf 75' lang='lat' dir='ltr'><strong>Seueri</strong></span> <span class='ocrx_word' id='word_1_212' title='bbox 1381 3244 1475 3296; x_wconf 83' lang='lat' dir='ltr'><strong>Antio-</strong></span> 
     </span>
     <span class='ocr_line' id='line_1_24' title="bbox 347 3328 1473 3400; baseline 0.003 -18"><span class='ocrx_word' id='word_1_213' title='bbox 347 3331 553 3398; x_wconf 75' lang='lat' dir='ltr'><strong>nrtrndodepnna</strong></span> <span class='ocrx_word' id='word_1_214' title='bbox 566 3335 661 3381; x_wconf 84' lang='lat' dir='ltr'><strong>etcum</strong></span> <span class='ocrx_word' id='word_1_215' title='bbox 674 3332 793 3380; x_wconf 80' lang='lat' dir='ltr'><strong>versione</strong></span> <span class='ocrx_word' id='word_1_216' title='bbox 808 3330 900 3380; x_wconf 81' lang='lat' dir='ltr'><strong>Arme·</strong></span> <span class='ocrx_word' id='word_1_217' title='bbox 929 3329 1003 3380; x_wconf 83' lang='lat' dir='ltr'><strong>chent</strong></span> <span class='ocrx_word' id='word_1_218' title='bbox 1030 3328 1176 3398; x_wconf 74' lang='lat' dir='ltr'><strong>fragmentis</strong></span> <span class='ocrx_word' id='word_1_219' title='bbox 1203 3338 1311 3382; x_wconf 82' lang='lat' dir='ltr'><strong>exstant.</strong></span> <span class='ocrx_word' id='word_1_220' title='bbox 1350 3335 1473 3400; x_wconf 70' lang='lat' dir='ltr'><strong>carrion,</strong></span> 
     </span>
     <span class='ocr_line' id='line_1_25' title="bbox 349 3414 1473 3485; baseline 0.002 -18"><span class='ocrx_word' id='word_1_221' title='bbox 349 3416 428 3467; x_wconf 83' lang='lat' dir='ltr'><strong>niara</strong></span> <span class='ocrx_word' id='word_1_222' title='bbox 436 3415 467 3464; x_wconf 76' lang='lat'><strong>2:</strong></span> <span class='ocrx_word' id='word_1_223' title='bbox 480 3418 576 3468; x_wconf 79' lang='lat' dir='ltr'><strong>mundo</strong></span> <span class='ocrx_word' id='word_1_224' title='bbox 589 3433 629 3469; x_wconf 80' lang='lat' dir='ltr'><strong>nie</strong></span> <span class='ocrx_word' id='word_1_225' title='bbox 641 3433 673 3469; x_wconf 84' lang='lat' dir='ltr'><strong>no</strong></span> <span class='ocrx_word' id='word_1_226' title='bbox 684 3418 826 3485; x_wconf 75' lang='lat' dir='ltr'><strong>tarpirnini.</strong></span> <span class='ocrx_word' id='word_1_227' title='bbox 848 3414 899 3466; x_wconf 81' lang='lat' dir='ltr'><strong>Cir.</strong></span> <span class='ocrx_word' id='word_1_228' title='bbox 928 3417 970 3467; x_wconf 79' lang='lat' dir='ltr'><strong>tire</strong></span> <span class='ocrx_word' id='word_1_229' title='bbox 980 3419 1080 3467; x_wconf 78' lang='lat' dir='ltr'><strong>ancient</strong></span> <span class='ocrx_word' id='word_1_230' title='bbox 1088 3416 1177 3482; x_wconf 73' lang='lat' dir='ltr'><strong>Syriae</strong></span> <span class='ocrx_word' id='word_1_231' title='bbox 1187 3419 1288 3469; x_wconf 84' lang='lat' dir='ltr'><strong>version</strong></span> <span class='ocrx_word' id='word_1_232' title='bbox 1298 3416 1372 3473; x_wconf 83' lang='grc'><strong>1845.</strong></span> <span class='ocrx_word' id='word_1_233' title='bbox 1383 3435 1423 3484; x_wconf 86' lang='lat' dir='ltr'><strong>pp.</strong></span> <span class='ocrx_word' id='word_1_234' title='bbox 1432 3419 1473 3470; x_wconf 84' lang='lat'><strong>28.</strong></span> 
     </span>
     <span class='ocr_line' id='line_1_26' title="bbox 348 3500 1473 3572; baseline 0.001 -17"><span class='ocrx_word' id='word_1_235' title='bbox 348 3504 525 3568; x_wconf 80' lang='lat' dir='ltr'><strong>Petersnnnn,</strong></span> <span class='ocrx_word' id='word_1_236' title='bbox 562 3501 641 3570; x_wconf 84' lang='lat' dir='ltr'><strong>ignat.</strong></span> <span class='ocrx_word' id='word_1_237' title='bbox 680 3503 753 3569; x_wconf 83' lang='lat' dir='ltr'><strong>epist.</strong></span> <span class='ocrx_word' id='word_1_238' title='bbox 785 3520 808 3570; x_wconf 89' lang='lat' dir='ltr'><strong>p.</strong></span> <span class='ocrx_word' id='word_1_239' title='bbox 841 3503 899 3554; x_wconf 90' lang='grc'><strong>166.</strong></span> <span class='ocrx_word' id='word_1_240' title='bbox 928 3504 968 3554; x_wconf 89' lang='grc'><strong>40.</strong></span> <span class='ocrx_word' id='word_1_241' title='bbox 990 3503 1030 3553; x_wconf 84' lang='grc'><strong>50.</strong></span> <span class='ocrx_word' id='word_1_242' title='bbox 1068 3500 1144 3569; x_wconf 80' lang='lat' dir='ltr'><strong>Corp.</strong></span> <span class='ocrx_word' id='word_1_243' title='bbox 1164 3502 1240 3572; x_wconf 77' lang='lat' dir='ltr'><strong>ignat.</strong></span> <span class='ocrx_word' id='word_1_244' title='bbox 1261 3504 1347 3570; x_wconf 70' lang='lat' dir='ltr'><strong>port</strong></span> <span class='ocrx_word' id='word_1_245' title='bbox 1370 3513 1395 3556; x_wconf 81' lang='lat' dir='ltr'><strong>et</strong></span> <span class='ocrx_word' id='word_1_246' title='bbox 1413 3504 1473 3556; x_wconf 83' lang='grc'><strong>243.</strong></span> 
     </span>
     <span class='ocr_line' id='line_1_27' title="bbox 350 3587 1292 3655; baseline 0.001 -15"><span class='ocrx_word' id='word_1_247' title='bbox 350 3587 442 3640; x_wconf 77' lang='lat' dir='ltr'><strong>Codex</strong></span> <span class='ocrx_word' id='word_1_248' title='bbox 470 3603 578 3655; x_wconf 75' lang='lat' dir='ltr'><strong>graecus</strong></span> <span class='ocrx_word' id='word_1_249' title='bbox 608 3587 792 3654; x_wconf 71' lang='lat' dir='ltr'><strong>(Colbortinus)</strong></span> <span class='ocrx_word' id='word_1_250' title='bbox 823 3589 900 3642; x_wconf 85' lang='lat' dir='ltr'><strong>habet</strong></span> <span class='ocrx_word' id='word_1_251' title='bbox 928 3589 978 3641; x_wconf 80' lang='lat'><strong>213</strong></span> <span class='ocrx_word' id='word_1_252' title='bbox 997 3599 1023 3642; x_wconf 88' lang='lat' dir='ltr'><strong>et</strong></span> <span class='ocrx_word' id='word_1_253' title='bbox 1042 3591 1101 3643; x_wconf 84' lang='grc'><strong>215.</strong></span> <span class='ocrx_word' id='word_1_254' title='bbox 1120 3590 1171 3641; x_wconf 73' lang='lat' dir='ltr'><strong>tto</strong></span> <span class='ocrx_word' id='word_1_255' title='bbox 1190 3599 1215 3642; x_wconf 89' lang='lat' dir='ltr'><strong>et</strong></span> <span class='ocrx_word' id='word_1_256' title='bbox 1233 3591 1292 3641; x_wconf 77' lang='lat'><strong>248.</strong></span> 
     </span>
     <span class='ocr_line' id='line_1_28' title="bbox 346 3673 1472 3748; baseline 0.001 -19"><span class='ocrx_word' id='word_1_257' title='bbox 346 3673 489 3743; x_wconf 65' lang='grc' dir='ltr'><strong>χαρὴσησθε</strong></span> <span class='ocrx_word' id='word_1_258' title='bbox 505 3695 542 3724; x_wconf 95' lang='lat'><strong><em>=</em></strong></span> <span class='ocrx_word' id='word_1_259' title='bbox 558 3681 654 3731; x_wconf 75' lang='lat' dir='ltr'><strong>murino</strong></span> <span class='ocrx_word' id='word_1_260' title='bbox 690 3694 722 3730; x_wconf 83' lang='lat' dir='ltr'><strong>ne</strong></span> <span class='ocrx_word' id='word_1_261' title='bbox 752 3681 898 3748; x_wconf 66' lang='lat' dir='ltr'><strong>pererratis,</strong></span> <span class='ocrx_word' id='word_1_262' title='bbox 961 3676 1421 3744; x_wconf 55' lang='lat' dir='ltr'><strong>9J2n17s1v=coarcnmtuu</strong></span> <span class='ocrx_word' id='word_1_263' title='bbox 1446 3677 1472 3746; x_wconf 90' lang='lat'><strong>8,</strong></span> 
     </span>
     <span class='ocr_line' id='line_1_29' title="bbox 348 3749 1449 3833; baseline 0.005 -20"><span class='ocrx_word' id='word_1_264' title='bbox 348 3762 421 3833; x_wconf 88' lang='lat' dir='ltr'><strong>quod</strong></span> <span class='ocrx_word' id='word_1_265' title='bbox 430 3749 600 3814; x_wconf 49' lang='lat' dir='ltr'><strong>arctiori&#39;cum</strong></span> <span class='ocrx_word' id='word_1_266' title='bbox 611 3763 822 3815; x_wconf 79' lang='lat' dir='ltr'><strong>antecedentibus</strong></span> <span class='ocrx_word' id='word_1_267' title='bbox 833 3780 898 3815; x_wconf 84' lang='lat' dir='ltr'><strong>nexu</strong></span> <span class='ocrx_word' id='word_1_268' title='bbox 926 3764 967 3814; x_wconf 88' lang='grc'><strong>45.</strong></span> <span class='ocrx_word' id='word_1_269' title='bbox 997 3766 1038 3828; x_wconf 85' lang='grc'><strong>12,</strong></span> <span class='ocrx_word' id='word_1_270' title='bbox 1058 3764 1099 3816; x_wconf 87' lang='grc'><strong>50.</strong></span> <span class='ocrx_word' id='word_1_271' title='bbox 1448 3774 1449 3777; x_wconf 78' lang='grc'>’</span> 
     </span>
     <span class='ocr_line' id='line_1_30' title="bbox 348 3850 1470 3919; baseline 0.001 -16"><span class='ocrx_word' id='word_1_272' title='bbox 348 3857 433 3908; x_wconf 71' lang='lat' dir='ltr'><strong>caret.</strong></span> <span class='ocrx_word' id='word_1_273' title='bbox 471 3850 550 3910; x_wconf 79' lang='lat' dir='ltr'><strong>Vetus</strong></span> <span class='ocrx_word' id='word_1_274' title='bbox 569 3851 697 3917; x_wconf 79' lang='lat' dir='ltr'><strong>interpres</strong></span> <span class='ocrx_word' id='word_1_275' title='bbox 715 3851 807 3904; x_wconf 87' lang='lat' dir='ltr'><strong>latinus</strong></span> <span class='ocrx_word' id='word_1_276' title='bbox 826 3851 898 3919; x_wconf 79' lang='lat' dir='ltr'><strong>legit:</strong></span> <span class='ocrx_word' id='word_1_277' title='bbox 918 3897 923 3904; x_wconf 83' lang='lat'><strong>.</strong></span> <span class='ocrx_word' id='word_1_278' title='bbox 945 3851 989 3908; x_wconf 81' lang='lat' dir='ltr'><strong>to)</strong></span> <span class='ocrx_word' id='word_1_279' title='bbox 1009 3850 1089 3916; x_wconf 82' lang='lat' dir='ltr'><strong>itiojor</strong></span> <span class='ocrx_word' id='word_1_280' title='bbox 1107 3867 1165 3919; x_wconf 83' lang='lat' dir='ltr'><strong>pars</strong></span> <span class='ocrx_word' id='word_1_281' title='bbox 1183 3853 1272 3918; x_wconf 81' lang='lat' dir='ltr'><strong>eapitis</strong></span> <span class='ocrx_word' id='word_1_282' title='bbox 1291 3851 1373 3917; x_wconf 73' lang='lat' dir='ltr'><strong>hujus,</strong></span> <span class='ocrx_word' id='word_1_283' title='bbox 1392 3866 1470 3919; x_wconf 81' lang='lat' dir='ltr'><strong>prae·</strong></span> 
     </span>
     <span class='ocr_line' id='line_1_31' title="bbox 346 3932 1472 4009; baseline -0.001 -23"><span class='ocrx_word' id='word_1_284' title='bbox 346 3933 392 3986; x_wconf 72' lang='grc' dir='ltr'><strong>διᾶ</strong></span> <span class='ocrx_word' id='word_1_285' title='bbox 411 3932 585 3999; x_wconf 67' lang='grc' dir='ltr'><strong>κδσμουοῦμο</strong></span> <span class='ocrx_word' id='word_1_286' title='bbox 596 3941 737 4004; x_wconf 58' lang='grc' dir='ltr'><strong>χωρίζησθσ,</strong></span> <span class='ocrx_word' id='word_1_287' title='bbox 754 3957 805 4009; x_wconf 73' lang='lat' dir='ltr'><strong>per·</strong></span> <span class='ocrx_word' id='word_1_288' title='bbox 815 3957 897 3993; x_wconf 82' lang='lat' dir='ltr'><strong>murt·</strong></span> <span class='ocrx_word' id='word_1_289' title='bbox 925 3940 1011 3988; x_wconf 76' lang='lat' dir='ltr'><strong>settim</strong></span> <span class='ocrx_word' id='word_1_290' title='bbox 1038 3940 1132 3989; x_wconf 80' lang='lat' dir='ltr'><strong>initium</strong></span> <span class='ocrx_word' id='word_1_291' title='bbox 1159 3954 1239 4004; x_wconf 77' lang='lat' dir='ltr'><strong>usque</strong></span> <span class='ocrx_word' id='word_1_292' title='bbox 1264 3937 1294 3989; x_wconf 78' lang='lat' dir='ltr'><strong>ad</strong></span> <span class='ocrx_word' id='word_1_293' title='bbox 1313 3935 1327 3985; x_wconf 84' lang='lat' dir='ltr'><strong>o‘</strong></span> <span class='ocrx_word' id='word_1_294' title='bbox 1344 3935 1399 4000; x_wconf 71' lang='grc' dir='ltr'><strong>ἓμός</strong></span> <span class='ocrx_word' id='word_1_295' title='bbox 1417 3938 1472 4001; x_wconf 61' lang='grc' dir='ltr'><strong>ἔρως</strong></span> 
     </span>
     <span class='ocr_line' id='line_1_32' title="bbox 346 4023 1469 4093; baseline -0.002 -15"><span class='ocrx_word' id='word_1_296' title='bbox 346 4025 464 4078; x_wconf 76' lang='lat' dir='ltr'><strong>dumne</strong></span> <span class='ocrx_word' id='word_1_297' title='bbox 481 4029 684 4093; x_wconf 75' lang='lat' dir='ltr'><strong>repar-etiams,</strong></span> <span class='ocrx_word' id='word_1_298' title='bbox 704 4042 739 4076; x_wconf 85' lang='lat' dir='ltr'><strong>so.</strong></span> <span class='ocrx_word' id='word_1_299' title='bbox 759 4040 773 4075; x_wconf 91' lang='lat' dir='ltr'><strong>a</strong></span> <span class='ocrx_word' id='word_1_300' title='bbox 794 4025 858 4077; x_wconf 85' lang='lat' dir='ltr'><strong>Deo.</strong></span> <span class='ocrx_word' id='word_1_301' title='bbox 925 4043 946 4071; x_wconf 76' lang='grc' dir='ltr'><strong>κ.</strong></span> <span class='ocrx_word' id='word_1_302' title='bbox 965 4042 987 4072; x_wconf 83' lang='grc' dir='ltr'><strong>τ.</strong></span> <span class='ocrx_word' id='word_1_303' title='bbox 1005 4025 1033 4086; x_wconf 77' lang='lat' dir='ltr'><strong>t,</strong></span> <span class='ocrx_word' id='word_1_304' title='bbox 1071 4024 1137 4092; x_wconf 87' lang='lat' dir='ltr'><strong>apud</strong></span> <span class='ocrx_word' id='word_1_305' title='bbox 1168 4023 1257 4088; x_wconf 78' lang='lat' dir='ltr'><strong>Syrum</strong></span> <span class='ocrx_word' id='word_1_306' title='bbox 1293 4039 1345 4075; x_wconf 89' lang='lat' dir='ltr'><strong>nou</strong></span> <span class='ocrx_word' id='word_1_307' title='bbox 1379 4033 1469 4076; x_wconf 85' lang='lat' dir='ltr'><strong>exstat.</strong></span> 
     </span>
     <span class='ocr_line' id='line_1_33' title="bbox 385 4107 1471 4181; baseline 0.003 -22"><span class='ocrx_word' id='word_1_308' title='bbox 385 4109 416 4174; x_wconf 81' lang='grc'><strong>7)</strong></span> <span class='ocrx_word' id='word_1_309' title='bbox 444 4111 473 4163; x_wconf 85' lang='lat' dir='ltr'><strong>ln</strong></span> <span class='ocrx_word' id='word_1_310' title='bbox 502 4111 624 4162; x_wconf 80' lang='lat' dir='ltr'><strong>versione</strong></span> <span class='ocrx_word' id='word_1_311' title='bbox 654 4111 732 4163; x_wconf 84' lang='lat' dir='ltr'><strong>latina</strong></span> <span class='ocrx_word' id='word_1_312' title='bbox 768 4115 897 4181; x_wconf 73' lang='lat' dir='ltr'><strong>sequiturs</strong></span> <span class='ocrx_word' id='word_1_313' title='bbox 925 4111 1024 4163; x_wconf 85' lang='lat' dir='ltr'><strong>Phrasis</strong></span> <span class='ocrx_word' id='word_1_314' title='bbox 1054 4109 1069 4160; x_wconf 81' lang='grc' dir='ltr'>ὁ</span> <span class='ocrx_word' id='word_1_315' title='bbox 1096 4107 1178 4175; x_wconf 74' lang='grc' dir='ltr'><em>ἄρχων</em></span> <span class='ocrx_word' id='word_1_316' title='bbox 1205 4114 1250 4159; x_wconf 82' lang='grc' dir='ltr'><strong>τοῦ</strong></span> <span class='ocrx_word' id='word_1_317' title='bbox 1274 4110 1357 4166; x_wconf 76' lang='grc' dir='ltr'>αἰῶνος</span> <span class='ocrx_word' id='word_1_318' title='bbox 1379 4108 1471 4163; x_wconf 71' lang='grc' dir='ltr'><strong><em>τούτου</em></strong></span> 
     </span>
    </p>
   </div>
   <div class='ocr_carea' id='block_1_8' title="bbox 327 4276 1132 4356">
    <p class='ocr_par' dir='ltr' id='par_1_8' title="bbox 327 4276 1132 4356">
     <span class='ocr_line' id='line_1_34' title="bbox 327 4276 1132 4356; baseline 0 -20"><span class='ocrx_word' id='word_1_319' title='bbox 327 4276 386 4336; x_wconf 69' lang='lat' dir='ltr'><strong>&#39;im</strong></span> <span class='ocrx_word' id='word_1_320' title='bbox 400 4282 491 4335; x_wconf 77' lang='lat' dir='ltr'><strong>codice</strong></span> <span class='ocrx_word' id='word_1_321' title='bbox 512 4300 606 4351; x_wconf 58' lang='lat' dir='ltr'><strong>pauco</strong></span> <span class='ocrx_word' id='word_1_322' title='bbox 625 4286 729 4350; x_wconf 82' lang='lat' dir='ltr'><strong>desont3</strong></span> <span class='ocrx_word' id='word_1_323' title='bbox 754 4285 802 4352; x_wconf 65' lang='lat' dir='ltr'><strong>set}¹</strong></span> <span class='ocrx_word' id='word_1_324' title='bbox 821 4288 895 4356; x_wconf 80' lang='lat' dir='ltr'><strong>lege·</strong></span> <span class='ocrx_word' id='word_1_325' title='bbox 932 4286 934 4291; x_wconf 85' lang='lat'>&#39;</span> <span class='ocrx_word' id='word_1_326' title='bbox 955 4296 1003 4338; x_wconf 89' lang='lat' dir='ltr'><strong>mta</strong></span> <span class='ocrx_word' id='word_1_327' title='bbox 1022 4288 1132 4337; x_wconf 85' lang='lat' dir='ltr'><strong>videtur.</strong></span> 
     </span>
    </p>
   </div>
   <div class='ocr_carea' id='block_1_9' title="bbox 344 4156 1469 4439">
    <p class='ocr_par' dir='ltr' id='par_1_9' title="bbox 344 4156 1469 4439">
     <span class='ocr_line' id='line_1_35' title="bbox 344 4156 1469 4429; baseline 0 -178"><span class='ocrx_word' id='word_1_328' title='bbox 344 4202 798 4276; x_wconf 72' lang='lat' dir='ltr'><strong>neqnepernn&#39;nteniomeertueotis.</strong></span> <span class='ocrx_word' id='word_1_329' title='bbox 828 4156 955 4429; x_wconf 50' lang='lat' dir='ltr'><strong>Haess:</strong></span> <span class='ocrx_word' id='word_1_330' title='bbox 974 4199 1119 4267; x_wconf 83' lang='lat' dir='ltr'><strong>Evangelio</strong></span> <span class='ocrx_word' id='word_1_331' title='bbox 1144 4197 1169 4249; x_wconf 87' lang='lat' dir='ltr'><strong>S.</strong></span> <span class='ocrx_word' id='word_1_332' title='bbox 1189 4195 1279 4249; x_wconf 85' lang='lat' dir='ltr'><strong>Joann.</strong></span> <span class='ocrx_word' id='word_1_333' title='bbox 1301 4197 1343 4263; x_wconf 83' lang='lat'><strong>16,</strong></span> <span class='ocrx_word' id='word_1_334' title='bbox 1362 4197 1392 4250; x_wconf 88' lang='lat'><strong>11</strong></span> <span class='ocrx_word' id='word_1_335' title='bbox 1419 4197 1469 4251; x_wconf 86' lang='lat' dir='ltr'><strong>do·</strong></span> 
     </span>
     <span class='ocr_line' id='line_1_36' title="bbox 345 4369 1328 4439; baseline 0.004 -16"><span class='ocrx_word' id='word_1_336' title='bbox 345 4369 442 4425; x_wconf 80' lang='lat' dir='ltr'><strong>bantur</strong></span> <span class='ocrx_word' id='word_1_337' title='bbox 459 4369 518 4424; x_wconf 83' lang='lat' dir='ltr'><strong>olim</strong></span> <span class='ocrx_word' id='word_1_338' title='bbox 536 4372 569 4426; x_wconf 80' lang='lat' dir='ltr'><strong>ab</strong></span> <span class='ocrx_word' id='word_1_339' title='bbox 586 4373 707 4427; x_wconf 81' lang='lat' dir='ltr'><strong>Armenio</strong></span> <span class='ocrx_word' id='word_1_340' title='bbox 725 4381 752 4426; x_wconf 86' lang='lat' dir='ltr'><strong>et</strong></span> <span class='ocrx_word' id='word_1_341' title='bbox 768 4388 783 4426; x_wconf 89' lang='lat' dir='ltr'><strong>a</strong></span> <span class='ocrx_word' id='word_1_342' title='bbox 801 4378 895 4430; x_wconf 68' lang='lat' dir='ltr'><strong>Timo-</strong></span> <span class='ocrx_word' id='word_1_343' title='bbox 942 4375 986 4439; x_wconf 80' lang='grc'><strong>11)</strong></span> <span class='ocrx_word' id='word_1_344' title='bbox 1005 4373 1046 4427; x_wconf 88' lang='lat' dir='ltr'><strong>Sc.</strong></span> <span class='ocrx_word' id='word_1_345' title='bbox 1063 4374 1160 4439; x_wconf 71' lang='grc' dir='ltr'><strong>βοηθοί.</strong></span> <span class='ocrx_word' id='word_1_346' title='bbox 1188 4375 1328 4428; x_wconf 77' lang='lat' dir='ltr'><strong>Gramma.</strong></span> 
     </span>
    </p>
   </div>
   <div class='ocr_carea' id='block_1_10' title="bbox 0 0 1834 5209">
    <p class='ocr_par' dir='ltr' id='par_1_10' title="bbox 0 0 1834 5209">
     <span class='ocr_line' id='line_1_37' title="bbox 0 0 1834 5209; baseline 0 4"><span class='ocrx_word' id='word_1_347' title='bbox 0 0 1834 5209; x_wconf 95' lang='lat' dir='ltr'><strong> </strong></span> 
     </span>
    </p>
   </div>
  </div>
 </body>
</html>
