3659 5209
563 533 1069 592 aaassnnsaoconmvm
1087 534 1262 592 axum
1431 541 1474 607 93

438 782 568 861 XXlllll.
613 785 697 848 Deus
721 784 827 847 omnia
848 783 943 860 oidet,
969 802 1044 865 ergo
1066 784 1226 866 fugiamus
1248 794 1386 865 peccata.

441 907 514 970 Cum
532 907 627 969 omnia
650 907 740 988 igitur
766 903 773 941 ¹
788 906 854 987 ejus
871 905 966 967 oculis
983 913 1013 968 et
1028 906 1148 969 auribus
1165 912 1291 988 pateant,
1312 912 1472 971 metuamus

339 1031 429 1091 euru,
456 1018 485 1073 et
507 1013 637 1093 impuras
661 1010 836 1093 cupiditates
859 1027 1019 1089 pravorum
1043 1027 1166 1090 operum
1190 1009 1381 1090 deseramus,
1404 1018 1473 1074 uta

337 1116 453 1181 futuro
479 1114 593 1197 judicio
623 1115 689 1196 ejus
720 1113 923 1176 misericordia
954 1121 1098 1195 tegamur.
1144 1115 1278 1188 Quonam
1302 1115 1380 1177 enim
1406 1118 1472 1196 quis

341 1227 487 1284 nostrum
517 1238 534 1281 a
561 1226 683 1301 potente
715 1219 781 1299 ejus
811 1236 898 1280 manu
930 1217 1036 1301 fugere
1065 1220 1190 1299 potest‘t
1243 1218 1315 1293 Quis
1348 1219 1473 1282 mundus

343 1325 519 1408 quempiam
541 1325 577 1386 ab
595 1343 633 1386 eo
649 1322 831 1404 transfugam
847 1323 1000 1403 recipiet?
1033 1323 1110 1385 Dicit
1126 1324 1202 1384 enim
1218 1323 1326 1385 alicubi
1342 1320 1473 1404 ²Scrip-

344 1437 433 1494 tura:
457 1426 544 1508 ³gao
567 1428 629 1506 ido,
654 1434 684 1489 et
704 1428 757 1490 udi
780 1448 800 1489 a
821 1427 907 1506 sacia
930 1436 985 1490 tua
1007 1426 1214 1490 occultabor?
1246 1427 1282 1489 Si
1299 1428 1473 1490 ascendero

343 1536 381 1598 in
407 1534 545 1610 coelam,
571 1543 602 1595 ta
626 1533 693 1594 illic
714 1551 767 1604 es;
797 1533 826 1593 si
850 1532 893 1593 ad
916 1540 1019 1594 terrae
1042 1540 1181 1594 extrema
1204 1530 1328 1608 adiero,
1356 1532 1472 1593 deutra

345 1648 407 1700 tua
428 1638 515 1712 illic;
547 1638 577 1699 si
606 1633 764 1699 ⁴stratum
789 1654 929 1714 posuero
960 1636 993 1697 in
1017 1636 1149 1717 abgsso,
1181 1635 1248 1697 illic
1270 1643 1318 1696 est
1338 1636 1471 1715 spiritus

345 1751 431 1806 tuas.
479 1739 575 1816 ⁵Quo
605 1741 695 1823 igitur
723 1739 812 1802 abibit
842 1740 1003 1820 quispiam,
1035 1741 1083 1803 vel
1114 1759 1173 1821 quo
1202 1739 1336 1823 aufugiet
1361 1741 1397 1803 ab
1422 1758 1470 1820 co,

346 1849 401 1929 qui
426 1846 522 1911 omnia
547 1845 775 1927 complectitur?
1479 1841 1483 1846 '

426 2037 531 2100 XXIX.
577 2037 618 2098 Et
639 2035 825 2097 accedamus
849 2034 890 2096 ad
912 2035 1012 2095 Decem
1034 2034 1068 2096 in
1089 2035 1254 2096 sanctitate
1277 2036 1394 2099 cordis.

439 2155 622 2221 Accedamus
646 2175 721 2239 ergo
745 2154 781 2216 ad
803 2173 872 2217 eum
894 2155 924 2216 in
947 2156 1101 2216 sanctitate
1124 2154 1254 2234 animae,
1289 2152 1416 2220 ⁶castas
1440 2163 1472 2220 et

345 2261 516 2344 impollutas
546 2279 649 2323 vrrauus
680 2260 832 2322 elevantes
863 2258 898 2321 ad
930 2259 1027 2335 illum,
1061 2257 1221 2340 diligentes
1252 2260 1412 2342 benignum
1442 2267 1471 2322 et

344 2365 574 2430 misericordem
608 2371 720 2446 patrem
752 2370 905 2441 nostrum,
940 2357 1016 2444 ⁷qui
1049 2380 1105 2424 nos
1138 2362 1194 2424 sibi
1226 2363 1282 2443 ipsi
1314 2364 1471 2426 electionis

346 2477 464 2553 partem
487 2469 566 2533 fecit.
607 2468 655 2532 Sic
679 2470 756 2530 euim
779 2468 919 2548 scriptum
943 2472 1005 2529 est:
1030 2461 1176 2546 ⁸paando
1198 2465 1358 2528 dividebat
1381 2466 1471 2526 altis-

345 2575 448 2638 simas
469 2582 585 2655 gentes,
610 2572 735 2652 quando
760 2571 979 2633 disseminavit
998 2571 1082 2652 filios
1097 2569 1197 2648 Adae,
1222 2570 1385 2634 constituit
1407 2576 1470 2631 ter-

344 2680 451 2741 minos
472 2681 609 2759 gentium
630 2677 800 2739 secandam
822 2694 981 2737 nnmerum
996 2674 1185 2753 Angelorum
1199 2674 1269 2736 Dei.
1306 2674 1349 2736 Et
1364 2672 1471 2750 factus

338 2792 397 2850 est
422 2801 504 2861 pars
532 2782 661 2844 Domini
689 2780 805 2856 Jacob,
836 2780 994 2858 summulas
1025 2779 1230 2842 haereditatis
1261 2781 1330 2856 ejus
1359 2778 1470 2840 lmael.

345 2885 386 2948 Et
408 2885 439 2947 in
462 2885 520 2948 alio
541 2885 609 2947 loco
634 2883 720 2945 dicit:
744 2877 837 2945 ⁹ecce
852 2883 1005 2946 Dominus
1028 2883 1111 2946 toltit
1131 2883 1324 2963 sibigantem
1340 2882 1472 2945 emedio

344 2989 494 3070 gentiam,
515 2995 614 3066 prout
635 2988 726 3050 homo
746 2988 906 3066 primitias
929 3006 1023 3049 areae
1044 3006 1122 3050 suae
1145 2988 1246 3060 cottia·
1269 2994 1298 3048 et
1320 3006 1361 3048 ea
1382 2993 1472 3066 gente

344 3094 407 3157 illa
429 3100 741 3155 sanctasanctorum
764 3092 970 3178 egredientur.

346 3283 443 3348 XXX.
477 3283 654 3361 Faciamus,
672 3300 752 3361 qaue
763 3283 907 3363 placenl;
928 3283 1099 3362 fugiamus,
1117 3247 1470 3362 conculcamentum,

769 3393 804 3445 ut
828 3385 1055 3447 benedicamur,

438 3509 511 3573 Cum
534 3509 623 3592 igitur
646 3508 744 3589 portio
769 3508 868 3572 Sancti
890 3508 999 3585 simus,
1028 3505 1170 3569 iaciamus
1195 3508 1309 3586 omnia,
1333 3524 1411 3588 quae
1434 3503 1471 3567 ad

349 3614 536 3679 sanctitatem
551 3614 710 3694 pertinent,
732 3611 965 3675 obtrectationes
981 3609 1155 3689 devitantes,
1176 3610 1307 3692 impuros
1324 3628 1359 3673 ac
1377 3605 1472 3672 ¹⁰im-

385 3842 418 3909 6)
436 3839 548 3891 Imitatur
566 3836 591 3891 S.
604 3837 707 3890 Paulum
725 3834 810 3890 ITim.
829 3837 855 3902 2,
874 3836 897 3887 8.
927 3842 953 3886 ut
970 3850 1060 3886 sensus
1078 3837 1124 3886 sit:
1153 3833 1224 3886 Deus
1242 3835 1290 3886 cibi
1315 3850 1347 3885 ex
1367 3832 1472 3900 reliquis

387 3928 418 3995 7)
436 3928 487 3978 Aut
504 3925 563 3994 lege
579 3919 619 3982 οὓς
636 3941 692 3976 cum
711 3922 831 3989 Davisio,
856 3931 899 3975 aut
927 3920 1069 3972 hominibus
1087 3922 1214 3987 separavit
1228 3936 1285 3985 nos,
1305 3927 1331 3970 ot
1349 3919 1412 3968 iecit
1429 3915 1472 3966 ta-

349 4014 442 4082 supple
460 4009 520 4076 ἡμᾶς
538 4011 580 4063 vet
598 4006 628 4059 rel
646 4010 712 4074 ἔθνη,
926 4007 993 4073 ioppe
1010 4009 1091 4069 μέρος,
1116 4015 1144 4058 ut
1166 4021 1198 4072 ea
1217 4020 1277 4058 area
1296 4003 1442 4068 decerpitur
1458 3996 1473 4063 ἦ

386 4099 417 4166 8)
437 4099 513 4152 Dent.
532 4099 574 4163 32,
593 4099 618 4148 8.
638 4098 663 4149 9.
926 4089 1187 4158 arnaginensem,
1206 4105 1272 4159 quac
1284 4089 1311 4141 fir
1322 4085 1377 4155 ἅγια
1389 4083 1472 4152 &plur-

387 4186 418 4255 9)
437 4186 518 4238 Recto
537 4185 682 4237 observavit
698 4183 814 4249 Frevius,
833 4181 899 4236 huuc
926 4183 1059 4231 Gaurano.

349 4275 437 4327 locum
459 4270 618 4324 Clementem
643 4269 766 4323 conflasse
790 4277 843 4320 tum
868 4284 899 4320 ex
944 4267 988 4334 10)
1007 4265 1052 4316 lle,
1070 4258 1168 4331 ἐγνοὺς,
1188 4259 1262 4312 mala
1300 4258 1349 4311 Atii
1365 4249 1471 4323 tayvode,

350 4360 428 4415 Num.
443 4359 484 4425 tc,
497 4359 531 4410 27
550 4366 602 4410 tum
620 4373 652 4410 ex
669 4356 692 4409 11
704 4356 785 4409 Paral.
799 4354 844 4421 31,
857 4354 898 4420 ta,
924 4356 1091 4409 tautameos.
