3659 5209
545 550 564 602 l.
585 548 767 604 cibuttttrts
786 548 831 601 Ab
851 548 925 605 COR.
944 550 993 605 tv.
1012 550 1072 604 tvt.
1314 556 1375 622 129

248 716 314 788 est3
349 718 379 772 et
411 709 528 772 tradidit
557 710 639 773 Deus
669 710 871 793 Olophernem
903 710 932 773 in
961 729 1064 774 mentis
1094 711 1234 774 mulieris.
1285 711 1376 777 ΙΝοη

249 810 359 879 minori
393 816 527 900 periculo
560 818 647 878 etiam
680 816 814 899 perlecta
847 818 875 878 in
909 816 967 878 lide
996 816 1120 895 Esther,
1154 825 1187 879 ut
1219 818 1377 881 duodecim

249 919 347 985 tribus
370 922 463 983 lsrael
486 922 521 983 ab
546 922 664 983 instanti
690 924 781 985 exilio
805 922 956 1000 liberaret,
981 940 1014 983 se
1032 922 1122 1003 ipsam
1140 923 1259 1004 objecit.
1303 924 1376 986 Nam

249 1026 282 1089 in
301 1027 419 1109 jejunio
444 1033 473 1088 et
496 1027 697 1090 humiliatione
714 1033 834 1109 precata
851 1031 895 1088 est
911 1044 1012 1087 rerum
1029 1026 1156 1087 omnium
1179 1027 1377 1108 inspectorem

251 1130 421 1211 Dominum,
445 1131 616 1194 seculorum
639 1133 752 1209 Deum3
776 1134 824 1213 qui
842 1131 929 1194 animi
946 1132 1011 1212 ejus
1032 1130 1223 1193 bumilitatem
1240 1150 1378 1211 cerneus,

252 1237 395 1321 populum
417 1236 564 1316 liberavit,
587 1239 672 1320 cujus
697 1240 792 1322 gratia
815 1238 863 1299 illa
887 1236 1053 1318 periculum
1075 1236 1216 1298 subierat.

256 1532 327 1596 tvt.
373 1532 603 1596 Admoneumas
632 1543 663 1596 et
693 1532 901 1615 corripiamus
933 1551 992 1595 reos
1024 1533 1176 1607 invicem·
1207 1535 1261 1615 qai
1291 1536 1383 1600 talem

354 1639 591 1719 eastipatiorrera
612 1658 681 1703 noa.
699 1641 813 1716 renuit,
837 1638 938 1700 Deam
959 1638 1054 1700 babet
1070 1648 1289 1717 protectorem.

346 1757 503 1823 ’Oramus
526 1762 616 1844 igitur
639 1768 669 1823 et
691 1779 747 1824 nos
770 1779 826 1843 pro
849 1762 903 1840 eis,
932 1762 982 1842 qui
1006 1757 1064 1823 ³in
1088 1761 1206 1841 aliquod
1229 1770 1383 1844 peccatum

259 1863 335 1946 lapsi
357 1870 442 1942 sunt,
474 1870 506 1927 ut
535 1864 701 1930 moderatio
733 1872 763 1928 et
789 1866 936 1928 humilitas
960 1865 1003 1927 eis
1027 1866 1225 1946 concedatur,
1258 1875 1289 1930 ut
1323 1888 1383 1931 oon

259 1969 360 2061 obbia·
380 1968 435 2031 sed
451 1971 594 2033 voluntati
611 1970 728 2032 divinae
745 1970 860 2033 cedant.
899 1970 948 2033 Sic
964 1969 1041 2031 enim
1057 1971 1229 2033 misericors
1250 1971 1383 2034 ‘mentio
1468 1999 1471 2006 ·

261 2090 364 2137 eorum
393 2074 471 2155 apud
494 2075 590 2137 Deum
620 2080 649 2137 et
680 2081 801 2137 sanctos
832 2074 985 2137 fructuosa
1015 2075 1088 2153 erit,
1120 2084 1149 2139 et
1180 2077 1265 2140 finem
1299 2095 1383 2140 suum

261 2187 473 2260 consequetur.
519 2179 730 2259 Assumamus,
763 2178 879 2258 dilecti,
913 2176 1113 2260 disciplinam,
1144 2186 1269 2262 propter
1297 2201 1384 2262 quam

260 2294 352 2345 remo
374 2282 461 2346 irasci
485 2282 582 2346 debet.
629 2285 817 2363 Admonitio,
841 2303 899 2365 qua
922 2284 970 2345 alii
993 2283 1067 2345 alios
1094 2285 1385 2364 commonefacimus,

259 2386 341 2452 buna
364 2395 411 2450 est
432 2392 462 2450 et
485 2389 617 2470 apprime
641 2390 727 2468 utilis,
752 2389 895 2452 voluntati
911 2388 990 2450 enim
1007 2386 1124 2450 divinae
1140 2406 1197 2450 nos
1213 2390 1387 2471 agglutinat.

257 2492 309 2559 Sic
334 2492 414 2555 euim
437 2491 507 2555 dicit
529 2511 618 2555 sacer
633 2511 752 2556 sermo:
777 2492 961 2575 ⁵oastipans
979 2494 1148 2575 castipooit
1161 2514 1207 2555 me
1223 2493 1387 2571 Dominus,

256 2607 290 2662 ct
310 2599 407 2661 morti
429 2617 492 2660 noa
517 2598 651 2660 tradidit
667 2618 732 2672 me;
755 2616 842 2678 poem
859 2599 939 2661 enim
955 2599 1060 2680 dilipit
1073 2598 1239 2676 Dominus,
1265 2600 1389 2679 crpore,-

249 2702 401 2784 llapellat
422 2710 522 2765 aorem
546 2722 663 2766 omnem
680 2704 788 2783 filiam,
812 2722 898 2783 qoem
914 2704 1057 2781 suscipit.
1096 2699 1283 2782 ⁶Corripiet
1298 2705 1387 2780 enini,

251 2808 315 2886 uit,
351 2825 399 2897 mc
423 2808 532 2886 justas
562 2809 596 2869 in
626 2807 865 2884 misericordia,
899 2815 930 2869 et
959 2807 1134 2887 increpabit
1162 2827 1226 2880 me;
1260 2800 1388 2870 ⁷oleam

248 2918 366 2975 oetam
385 2919 588 2988 peccatoram
611 2931 675 2975 nori
691 2913 861 2994 impinpact
874 2920 968 2992 capet
983 2933 1088 2975 orcam
1125 2912 1162 2976 Et
1178 2929 1284 2974 rursus
1302 2911 1387 2974 dicit:

246 3008 398 3080 ⁸bcatas
420 3017 520 3094 bomo,
545 3035 632 3097 quem
648 3018 754 3098 arpeit
767 3017 940 3089 Dominas‚·
963 3019 1165 3081 monitionem
1184 3036 1260 3079 cero
1279 3017 1386 3080 Omni-

243 3120 398 3201 poteatis
420 3138 459 3182 ne
481 3140 615 3196 renuas;
637 3123 704 3202 ipse
727 3104 808 3184 araim
824 3122 930 3184 dolere
944 3120 1034 3200 facit,
1059 3131 1088 3185 et
1103 3139 1216 3184 rursus
1232 3123 1388 3198 restituit,-

242 3225 428 3307 percussit,
453 3232 484 3287 ct
505 3245 616 3288 manas
639 3228 708 3305 ejas
723 3233 925 3289 sanaverant.
961 3226 1074 3288 Seaics
1093 3229 1132 3289 dc
1147 3227 1386 3290 necessitatibus

248 3337 350 3395 eruet
378 3336 423 3408 te,
459 3337 490 3391 et
520 3330 553 3390 in
583 3332 714 3408 septimo
746 3349 810 3393 nort
841 3325 975 3411 ⁹tanpet
1008 3339 1035 3392 tc
1069 3333 1189 3395 malam.
1234 3332 1271 3395 la
1302 3332 1386 3412 fame

248 3433 411 3499 liberabit
441 3442 469 3496 te
497 3453 518 3496 a
540 3443 650 3511 morte,
683 3435 718 3496 ia
744 3436 868 3514 praelio
898 3455 973 3498 uero
1004 3437 1042 3499 de
1069 3457 1162 3500 mana
1182 3438 1265 3517 ferri
1287 3438 1389 3498 soleat

248 3546 294 3618 re,
322 3557 345 3601 a
366 3536 491 3618 {lapello
516 3539 642 3621 linpaae
673 3538 843 3601 abscondet
871 3548 917 3617 tc,
952 3549 982 3602 et
1008 3562 1072 3604 noo
1102 3541 1222 3604 timebis
1251 3559 1272 3601 a
1293 3539 1386 3601 molis

235 3640 467 3709 'mientibaa
511 3643 652 3721 lajastos
676 3651 706 3705 et
728 3644 855 3722 iniquos
878 3643 1047 3718 deridebis,
1072 3652 1102 3703 et
1123 3643 1246 3719 feroces
1269 3642 1386 3703 bestias

249 3728 326 3814 norb
349 3746 471 3811 timebis
479 3767 491 3821 ,·
521 3747 640 3809 bestiae
663 3746 743 3808 enim
764 3747 853 3827 ferae
873 3757 1010 3826 pacatae
1041 3753 1132 3807 erant
1153 3744 1224 3807 tibi..
1262 3745 1386 3807 Deinde

249 3855 360 3932 scies,
394 3853 478 3934 qaod
500 3852 535 3914 ira
554 3870 634 3930 pace
657 3851 718 3913 erit
740 3851 850 3914 domus
873 3861 944 3930 tau,
975 3850 1126 3913 dubitatio
1153 3855 1256 3908 autem
1279 3845 1384 3906 tuber-

292 4043 325 4108 t)
344 4042 441 4104 Mra«,
459 4056 511 4093 vox
527 4039 640 4105 Paulina,
658 4039 731 4091 Rom.
747 4040 771 4105 1,
785 4041 827 4092 9.1
872 4040 901 4107 6)
921 4039 960 4091 Ps.
982 4040 1039 4104 140,
1060 4040 1083 4089 5.

253 4128 328 4199 apta
342 4128 370 4194 1,
385 4128 426 4181 to.
453 4126 515 4180 Phil.
530 4128 555 4194 1,
569 4126 593 4179 3.
622 4124 732 4179 lTbess.
745 4125 771 4192 3,
785 4127 810 4180 6.
872 4127 900 4191 7)
920 4126 938 4178 l.
959 4143 982 4178 e.
1001 4127 1089 4192 rejicio
1108 4123 1200 4193 gaudia
1219 4121 1238 4174 ’a
1259 4123 1384 4187 peccato·

254 4212 360 4267 utrm.
381 4214 405 4280 1,
424 4212 448 4266 3.
475 4218 618 4266 Jsoonson.
837 4211 906 4264 ribus
925 4212 985 4264 mibi
1004 4221 1099 4279 parata.

295 4300 327 4363 5)
344 4298 516 4365 saltata
542 4298 654 4365 Premit,
670 4299 709 4351 12.
734 4298 810 4350 liebr.
873 4297 901 4360 8)
921 4294 977 4348 lob.
997 4299 1023 4363 5,
1044 4296 1153 4359 11-26.

261 4385 307 4452 12,
326 4385 351 4437 6.
874 4382 904 4450 9)
923 4384 967 4436 trs.
988 4384 1220 4434 orarourarsrr.

316 4491 559 4543 ammaon.
1155 4467 1175 4532 9
1417 4426 1594 4626 r
