3659 5209
593 549 601 556 ‘
704 554 925 611 r.cnnnrnn1s
945 529 1133 613 ancona.
1436 568 1475 632 ρ)

349 715 476 780 lumnae
500 725 602 798 erant,
634 717 874 800 persecutionem
897 720 977 802 passi
1000 725 1086 798 sunt,
1119 725 1149 782 et
1182 718 1352 787 ¹venernnt
1380 744 1477 809 nsque

350 823 393 886 ad
428 830 562 887 mortem.
615 823 759 886 Ponamns
792 825 878 887 nobis
910 831 978 887 ante
1010 826 1115 890 oeulos
1147 824 1271 892 ²bonos
1303 829 1474 912 Apostolos.

348 930 485 1011 Pnopter
501 929 597 992 zelum
613 928 744 1009 iniquum
760 925 888 992 ³Petrus
904 948 1069 993 non-unum
1086 932 1283 1012 aut-alterurn,
1306 935 1359 997 sed
1375 937 1474 1019 plnres

347 1034 476 1099 labores
501 1033 627 1112 sustulit,
649 1038 738 1113 etque
760 1034 800 1096 ita
815 1034 985 1116 martyrium
1001 1052 1108 1115 passus
1131 1035 1160 1097 in
1184 1033 1338 1101 ⁴debitnm
1359 1040 1474 1123 gloriae

347 1138 454 1203 locurn
477 1138 623 1200 discessit.
668 1137 793 1219 Propter
815 1138 912 1201 zelum
936 1144 965 1199 et
980 1138 1087 1201 Paulus
1102 1139 1262 1219 patientiae
1285 1139 1474 1226 ⁶praemium

346 1241 567 1325 reportandum
590 1241 743 1319 sustinuit,
766 1237 905 1323 ⁶septies
929 1243 959 1304 in
981 1243 1099 1306 vincula
1122 1246 1295 1327 conjectus,
1319 1241 1474 1331 ⁷lugatus‚

347 1343 538 1429 ⁸lapidatus.
582 1346 615 1408 ln
638 1347 755 1410 oriente
778 1365 813 1409 ae
836 1346 991 1410 occidente
1013 1348 1098 1410 verbi
1128 1366 1239 1430 praeco
1262 1349 1374 1432 iaetus,
1405 1353 1475 1417 illu-

347 1443 447 1518 strern
469 1451 541 1514 fidei
560 1468 635 1516 suae
658 1450 763 1514 famam
786 1452 908 1515 sortitus
933 1457 979 1515 est
1007 1452 1036 1514 in
1055 1453 1168 1533 justitio
1184 1453 1323 1518 anundum
1346 1458 1474 1521 nniver-

347 1576 418 1623 snm
450 1557 618 1635 instruens,
653 1564 683 1619 et
712 1556 748 1619 ad
780 1551 977 1620 ⁹ocoidentis
1010 1557 1152 1620 terminos
1182 1558 1324 1640 veniens,
1356 1569 1386 1625 et
1416 1564 1472 1626 sul)

351 1658 380 1700 ¹⁰
395 1659 557 1743 praefectis
580 1661 750 1743 martyrium
774 1661 904 1725 subiens.
951 1656 1000 1725 sto
1023 1679 1041 1722 e
1063 1651 1172 1725 mundo
1195 1663 1348 1747 migravit,
1380 1672 1409 1728 et
1441 1667 1471 1730 in

345 1766 451 1830 locum
473 1771 607 1828 sanctum
629 1765 718 1845 abiit,
740 1767 898 1847 patientiae
921 1780 1064 1828 summum
1087 1767 1240 1848 exemplar
1262 1769 1403 1834 existens.

347 1953 440 2006 favent
452 1956 543 2007 Senott
561 1953 737 2022 (Eritrterung,
749 1954 896 2021 chronolog.
926 1956 1104 2008 Ateuslloarleo
1122 1955 1182 2023 (pro
1200 1953 1240 2004 inl
1258 1957 1346 2027 legunt
1364 1956 1423 2033 ὗπιξ,
1443 1971 1469 2015 et

348 2039 511 2092 Puncteete.
531 2039 606 2090 1832.
625 2055 650 2105 p.
665 2039 729 2107 123)
748 2048 773 2090 et
790 2043 899 2092 Woener
925 2035 975 2086 rhod
997 2035 1027 2086 τὸ
1049 2042 1125 2104 τέρμα
1148 2060 1170 2089 r.
1194 2039 1217 2093 δ.
1242 2053 1355 2097 vertunt:
1382 2064 1468 2102 eoram

346 2127 474 2193 (Tirbing.
500 2124 578 2174 theol.
604 2124 796 2187 Quartalschrilt
822 2124 897 2176 1830.
924 2126 1041 2177 sommis
1058 2129 1258 2195 mopiatrotitoa
1277 2130 1400 2203 Orientis)
1418 2154 1465 2190 or.

346 2213 394 2264 IV.
407 2229 433 2278 p.
443 2210 494 2261 626
508 2210 586 2278 sqq.).
617 2209 666 2260 Pro
678 2214 820 2265 Britannia
832 2226 896 2261 eon·
923 2212 1048 2263 aelionon
1072 2230 1146 2279 roos,
1170 2215 1225 2267 ond
1242 2219 1379 2285 Zaapoiro
1403 2221 1466 2288 (oon

344 2297 460 2351 tendunt
480 2300 609 2351 Uooortoo
633 2294 705 2362 (Brit.
728 2297 792 2350 eccl.
818 2300 895 2367 antiq.
924 2296 1465 2378 Christo)olpeloptlnotteaorpterolrip-

345 2400 371 2436 e.
392 2383 421 2450 1)
441 2391 467 2434 et
485 2385 665 2453 stillinpotleet
682 2383 814 2453 (Origines
833 2382 894 2435 Brit.
921 2383 1006 2435 lreit.“

344 2471 424 2534 ο.1).
454 2473 567 2535 ltaliam,
581 2473 606 2522 in
618 2471 706 2538 speeie
719 2475 837 2538 Bonnam,
856 2470 894 2521 his
939 2467 984 2530 10)
1012 2473 1067 2524 Sal
1094 2473 1223 2539 lipotliuo
1254 2481 1279 2524 et
1309 2478 1466 2543 Nymphidio

343 2556 435 2610 verbis
460 2565 572 2609 notatam
599 2565 687 2623 putant
714 2572 818 2622 omnes,
850 2559 892 2625 qui
920 2557 1028 2623 Sabino,
1043 2556 1136 2609 ultimis
1145 2556 1252 2610 Neronis
1262 2562 1335 2612 annis
1348 2570 1375 2612 et
1387 2579 1465 2630 prae-

344 2642 475 2709 duplioem
502 2641 572 2693 Pauli
597 2645 770 2711 captivitatem
795 2641 892 2695 Rornae
919 2643 1005 2692 sertim
1024 2642 1125 2694 Nerone
1150 2644 1176 2694 in
1196 2644 1326 2698 Graeciam
1348 2648 1465 2714 proiecto

341 2735 451 2796 negent,
471 2742 494 2777 e.
508 2744 532 2796 g.
546 2733 621 2783 Bona·
633 2728 752 2797 (Tiibing.
769 2729 890 2782 Zeitschr.
919 2725 1015 2778 Rornae
1035 2727 1231 2781 dominantibus.
1265 2734 1324 2803 ¹¹⁸9
1343 2734 1421 2801 (Einl.
1434 2734 1465 2786 tl.-

342 2812 607 2880 1831.1V.p.150.
645 2814 838 2868 Pastoralbrieie
865 2818 889 2869 d.
918 2830 943 2880 p·
956 2811 1021 2878 323)
1035 2822 1061 2865 at
1077 2819 1302 2884 Windieelnmonn
1321 2818 1336 2870 Ι.
1349 2834 1371 2871 o.
1384 2837 1409 2888 p.
1423 2821 1465 2874 64.

339 2900 376 2954 Α.
387 2898 487 2964 Paulus,
501 2900 576 2952 1835.
589 2917 614 2968 p.
625 2901 658 2952 63
668 2902 737 2971 sqq.)
748 2911 776 2956 ot
785 2908 899 2959 scm·
918 2899 966 2951 Alii
984 2899 1009 2951 h.
1022 2900 1039 2951 1.
1059 2900 1092 2952 (le
1111 2901 1210 2955 duobus
1228 2903 1326 2957 libertis
1339 2914 1365 2958 at
1377 2907 1464 2960 amicis

338 2988 389 3041 kal
411 2985 493 3051 (stud.
518 3003 541 3038 u.
560 2987 623 3039 llrit.
644 2988 719 3039 1841.
745 2989 763 3041 l.
784 3007 813 3059 p.
832 2992 888 3057 75),
918 2985 1035 3052 Neronis,
1056 2990 1131 3042 Helio
1151 2993 1313 3044 Caesariano
1333 3000 1359 3043 et
1377 2997 1461 3064 Poly.

337 3072 435 3141 quibus
447 3070 476 3121 τό
488 3076 563 3140 τέρμα
575 3076 614 3137 τῆρ’
625 3070 712 3130 δύσεως
724 3098 760 3122 =
774 3074 803 3125 ro*
815 3079 889 3143 τέρμα
917 3076 980 3126 elato
1000 3073 1135 3140 explicant,
1154 3077 1197 3143 qni
1215 3074 1317 3128 Nerone
1336 3079 1360 3130 in
1379 3078 1461 3132 Grae·

336 3155 441 3219 ἑαυτοῦ,
465 3154 523 3208 iiis
542 3163 572 3223 τῇ
588 3157 660 3208 δύσει.
697 3160 741 3213 llis
765 3161 889 3213 accedunt
916 3161 956 3209 eia
969 3159 1079 3228 degente
1091 3157 1121 3212 Α.
1130 3161 1171 3212 67.
1185 3163 1267 3214 omnia
1279 3163 1460 3231 gubernarunt.

335 3248 464 3321 Matthias
500 3245 600 3314 (Erklg.
635 3246 660 3297 d.
691 3245 888 3300 Pastoralbrielo
915 3245 1047 3313 Solottss.
1063 3263 1084 3298 e.
1098 3263 1123 3314 p.
1138 3247 1212 3316 129),
1226 3247 1460 3316 Neronias-(Ganos

336 3329 418 3383 1840.
431 3349 457 3398 p.
470 3332 542 3400 186),
555 3333 596 3384 eni
608 3335 683 3400 τέρμα
694 3352 716 3381 τ.
726 3331 748 3382 δ.
761 3355 797 3381 =
809 3344 885 3401 moto,
915 3330 938 3382 d.
952 3330 1044 3384 Pflana.
1058 3331 1080 3397 1,
1093 3333 1156 3396 265)
1175 3337 1315 3404 etaselroff
1327 3334 1345 3386 l.
1357 3351 1379 3388 e.
1399 3336 1459 3402 (eir.

335 3426 461 3472 centrum
480 3416 642 3485 Occidentis,
662 3432 724 3488 ergo
743 3423 842 3486 linono,
862 3424 887 3470 e't
913 3433 989 3484 supra
1002 3416 1075 3486 Not.)
1092 3418 1116 3470 ln.
1130 3418 1148 3470 l.
1161 3420 1195 3470 ita
1209 3420 1349 3488 explicant:
1370 3438 1460 3475 corono

332 3502 475 3558 soleratas·
487 3504 522 3572 (d.
536 3503 622 3573 Apoat.
632 3504 733 3557 Paulus.
746 3504 765 3555 l.
778 3520 803 3572 p.
813 3505 886 3573 284),
913 3506 1115 3572 mopiotrotiloa
1138 3515 1162 3560 et
1184 3509 1352 3575 principibus
1374 3517 1460 3562 terroe

333 3590 389 3641 eui.
404 3591 481 3656 τέρμα
504 3611 526 3641 τ.
548 3589 572 3640 δ.
597 3600 637 3644 ost
660 3592 716 3643 finis
740 3589 886 3643 occidentis
913 3593 1049 3644 omanem
1063 3595 1242 3646 'comtionorn
1253 3580 1398 3661 profereus
1409 3603 1458 3648 aot.

331 3691 437 3731 varam
447 3679 590 3746 Orientem,
602 3693 666 3747 ergo
675 3677 752 3729 ltalia.
763 3681 883 3751 —1Wo'e·
914 3704 946 3715 -
965 3675 1005 3727 De
1019 3674 1094 3728 Paulo
1113 3676 1222 3745 loquens
1236 3676 1326 3729 beatus
1339 3677 1458 3733 Clemens

331 3764 411 3817 celer
429 3759 615 3833 (chronologia
630 3764 676 3816 des
689 3764 796 3830 apostol.
809 3765 884 3817 Zeit·
911 3773 1014 3832 tempor
1026 3764 1150 3830 passionis
1163 3763 1219 3830 ejus
1230 3772 1316 3829 notat;
1333 3780 1383 3817 non
1396 3767 1458 3817 item

331 3847 426 3913 alters,
446 3847 528 3917 Gottg.
549 3849 624 3902 1848.
645 3866 670 3923 P:
689 3832 839 3915 526-533)
858 3859 884 3902 ot
912 3848 945 3900 (lo
964 3847 1049 3900 Petro.
1085 3848 1211 3902 Fortassis
1234 3850 1310 3916 ideo,
1339 3853 1398 3920 quia
1424 3850 1457 3901 rle

329 3932 380 3986 Dr.
410 3937 509 4004 Seiroff
533 3934 612 4002 (Prol.
642 3934 827 4004 llercersbnrgi
858 3938 882 3989 in
911 3933 991 3986 Panlo
1010 3935 1112 3988 uberius
1130 3936 1197 4006 loqni
1214 3936 1333 4002 nolebat,
1355 3935 1456 3987 Petram

329 4018 539 4086 Ponnsplvania:
556 4020 705 4073 Gesehichto
718 4020 764 4072 der
775 4021 882 4088 apostol.
909 4020 1072 4088 paucioribus
1083 4021 1169 4074 verbio
1182 4022 1326 4087 absolvens,
1336 4019 1455 4086 tempon's

329 4105 439 4170 linono,
456 4104 525 4174 lips.
540 4106 615 4157 1854.
632 4107 673 4159 ed.
686 4106 716 4158 ll.
729 4123 753 4174 p.
767 4104 818 4157 347
831 4109 881 4176 sq.)
910 4109 1022 4174 martyrii
1047 4107 1148 4160 demum
1174 4107 1242 4176 apnd
1264 4107 1369 4159 Paulum
1394 4118 1454 4155 nne-

329 4191 400 4247 mro
414 4199 532 4244 vertunt:
544 4192 881 4260 „linostimos-(Paulus)
909 4194 987 4248 minit.
1021 4196 1244 4249 Wiodiaelrarona.
1262 4192 1279 4244 1.
1296 4209 1318 4244 e.
1336 4207 1362 4258 p.
1376 4189 1409 4240 65
1428 4195 1454 4239 et
1506 4204 1516 4268 J

346 4282 394 4332 ..'
418 4297 470 4334 oor
493 4281 540 4332 dor
568 4280 694 4332 licloteo
713 4282 815 4334 Gewolt
833 4283 880 4335 alea
907 4296 933 4348 p.
953 4279 995 4331 60.
