3659 5209
514 383 533 438 1.
554 382 735 437 cnannntts
754 383 799 437 AD
819 382 893 438 COR.
912 383 988 438 XXV.
1005 383 1089 440 xxvt
1108 386 1205 442 xxva.
1376 393 1416 458 91

290 545 498 625 spectantibus
532 546 665 608 omnibus
699 543 805 608 diurno
841 552 975 627 tempore
1008 547 1169 627 advolans,
1202 567 1294 633 super
1326 553 1421 616 attare

291 649 378 713 Solis
400 649 449 711 iila
472 651 607 727 collocat,
630 657 721 730 atque
743 651 792 727 ita,
816 650 896 712 unde
919 656 1059 728 venerat,
1082 652 1260 734 regreditur,
1306 644 1418 719 Sacer·

292 752 383 815 dotes
408 755 636 816 commentarios
659 760 825 834 temporam
848 753 1008 835 diligenter
1030 756 1207 836 inspiciunt,
1232 736 1270 819 „et
1298 757 1417 841 impleto

291 876 376 921 anno
400 860 637 940 quingentesimo
660 859 787 921 rediisse
809 857 885 920 iiiam
909 860 1104 939 comperiunt.
1445 858 1448 867 '

335 1047 438 1109 XXVI.
481 1048 688 1130 Resurqemas
710 1049 816 1130 iqitur,
841 1048 925 1128 quod
947 1057 976 1111 et
997 1049 1027 1111 S.
1051 1049 1218 1130 Scriptura
1241 1060 1381 1117 testatur.

384 1169 431 1231 An
461 1189 598 1253 magnum
628 1172 718 1252 igitur
748 1177 778 1232 et
805 1171 977 1232 admirabile
1007 1173 1232 1254 arbitrabimur,
1265 1176 1289 1238 si
1319 1194 1419 1239 rerum

292 1260 426 1338 omnium
450 1275 552 1356 opifex
574 1294 737 1358 resurgere
761 1293 815 1338 eos
838 1275 944 1354 iaciat,
975 1277 1025 1355 qui
1054 1277 1092 1338 in
1113 1278 1210 1341 bonae
1239 1278 1308 1340 fidei
1340 1298 1418 1342 con-

291 1370 415 1441 fidentia
439 1380 582 1461 religiose
605 1380 654 1453 itti,
672 1381 889 1457 inservierunt,
923 1399 987 1442 cum
1019 1398 1073 1461 per
1102 1383 1255 1446 volucrem
1285 1386 1417 1464 promis-

292 1486 390 1549 sionis
414 1503 487 1547 suae
511 1485 757 1568 magnificentiam
780 1484 897 1546 abunde
921 1485 1007 1548 nobis
1026 1485 1210 1565 patefaciat?
1249 1487 1324 1548 Dicit
1340 1489 1418 1551 enim

293 1590 420 1652 alicubi:
454 1589 646 1652 ¹suscitabis
669 1609 733 1666 me,
766 1598 797 1652 et
827 1589 995 1668 confitebor·
1017 1591 1092 1663 tibi,·
1124 1597 1171 1652 et:
1202 1588 1366 1654 ²dormioi
1388 1600 1419 1653 et

292 1702 465 1773 soporatus
485 1713 572 1767 sum;
603 1696 749 1771 surrexi,
781 1695 855 1774 quia
883 1702 917 1754 tu
943 1705 1058 1754 mecum
1085 1713 1127 1756 es.
1172 1694 1209 1757 Et
1231 1713 1336 1757 rursus
1359 1696 1416 1758 tob

235 1826 241 1830 ·
293 1796 382 1858 dicit:
414 1795 468 1858 ³et
489 1817 615 1859 carnem
638 1800 720 1860 bunc
742 1817 839 1860 meam
861 1796 1085 1875 resuscitabis,
1110 1817 1190 1877 quae
1213 1801 1317 1863 omnia
1339 1801 1417 1862 bueo

289 1919 393 1979 passu
416 1908 470 1963 est.

289 2089 412 2153 XXVII.
457 2089 518 2169 Spe
540 2089 784 2152 resurrectionis
807 2087 1036 2153 adhaereamus
1058 2089 1137 2165 Deo,
1162 2091 1363 2170 omnipotenti
1386 2101 1417 2155 et

756 2194 961 2258 omniscienti.

382 2314 445 2376 Hac
474 2316 564 2397 igitur
594 2332 648 2396 spe
673 2316 764 2379 animi
795 2316 890 2378 nostri
922 2315 960 2380 ad
993 2334 1061 2378 eum
1091 2314 1330 2398 adstringantur,
1366 2315 1417 2395 qui

290 2418 391 2483 fidelis
415 2426 460 2482 est
483 2422 511 2483 in
535 2420 798 2501 promissionibus,
821 2426 851 2482 et
869 2423 971 2502 justus
993 2421 1023 2482 in
1041 2419 1171 2501 judiciis.
1218 2419 1274 2493 Oui
1299 2420 1416 2481 mentiri

291 2524 408 2602 vetuit,
439 2524 528 2586 mutto
552 2526 647 2587 minus
671 2522 760 2606 ⁴ipse
782 2525 957 2601 mentietur;
987 2525 1060 2587 nihii
1082 2525 1160 2586 enim
1185 2523 1248 2585 Deo
1272 2523 1415 2603 impossi-

289 2628 357 2700 bile
388 2632 596 2707 praeterquam
624 2628 750 2690 mentiri.
794 2627 1001 2690 Exsuscitetur
1031 2629 1132 2707 itaque
1162 2628 1193 2688 in
1224 2627 1310 2688 nobis
1341 2624 1416 2686 fides

291 2731 373 2812 ejus,
401 2738 431 2793 et
452 2732 532 2811 quod
556 2733 654 2793 omnia
676 2732 732 2813 ipsi
754 2734 921 2813 propinqua
943 2734 1012 2809 sint,
1035 2732 1269 2794 consideremus.
1315 2730 1416 2792 Verbo

291 2835 456 2916 majestatis
478 2853 550 2897 suae
572 2836 724 2897 constituit
746 2837 854 2913 omnia,
882 2843 912 2896 et
935 2836 1029 2897 verbo
1052 2854 1108 2898 suo
1131 2841 1230 2917 potest
1251 2835 1298 2896 iiia
1323 2850 1416 2894 ever·

291 2945 369 3000 tere.
416 2934 524 3012 ⁵Quis
556 2939 639 3000 dicet
668 2940 715 3001 ei:
750 2940 826 3019 quid
854 2937 990 3015 fecisti?
1039 2938 1091 2999 Vet
1121 2940 1191 3018 quis
1219 2936 1416 3015 fortitudinis

292 3044 368 3120 ejus
395 3041 504 3104 robori
533 3044 682 3105 resistet?
727 3043 853 3117 Quando
877 3042 955 3118 vult,
986 3046 1016 3102 et
1038 3040 1188 3122 quomodo
1212 3042 1289 3120 vuit,
1319 3042 1417 3103 omnia

292 3145 385 3207 faciet
394 3165 403 3220 3
434 3140 561 3226 ⁶neque
590 3145 747 3226 quidquam
778 3146 814 3207 ab
843 3164 881 3208 eo
911 3146 1004 3208 semel
1028 3145 1178 3208 decretum
1211 3138 1416 3226 'praeteribit

293 3248 402 3311 Omnia
432 3267 532 3311 coram
562 3251 627 3331 ipso
657 3257 741 3329 sunt,
773 3250 905 3329 nibitque
936 3251 1091 3312 consitium
1121 3251 1187 3331 ejus
1217 3249 1307 3311 latuit.
1353 3244 1417 3308 ⁸81·

292 3352 376 3414 coeli
407 3362 559 3414 enarrant
587 3355 721 3434 pieriam
752 3353 811 3415 Dei
818 3375 830 3427 ,·
864 3372 942 3432 opus
972 3373 1115 3416 manuum
1149 3357 1216 3433 ejus
1249 3352 1418 3413 ennuntiat

290 3457 526 3535 [irritamentum.
558 3458 636 3520 Dies
659 3458 722 3519 diei
744 3464 865 3520 eructat
886 3457 1022 3532 uerbum,
1046 3466 1076 3519 et
1096 3477 1162 3519 nou
1186 3457 1272 3519 nocti
1296 3454 1419 3530 iudicat

293 3560 478 3631 scientiam
509 3568 539 3621 et
561 3580 625 3623 non
647 3569 720 3622 sunt
741 3562 899 3641 loquetae,
932 3580 1030 3641 neque
1052 3580 1226 3637 sermones,
1260 3552 1417 3641 ⁹quorum

293 3684 361 3728 non
385 3666 557 3729 audiantur
578 3686 678 3730 uoces.

331 3852 361 3919 4)
382 3850 433 3903 Cir.
452 3852 497 3904 Tit.
518 3853 542 3915 1,
562 3852 586 3902 2.
622 3851 699 3903 Hebr.
719 3852 744 3915 6,
765 3852 805 3902 18.
868 3853 907 3900 καὶ
927 3848 998 3902 οὐδὲν
1014 3850 1047 3916 μή
1061 3854 1175 3918 παρέλθῃ,
1195 3852 1241 3903 sed
1255 3849 1300 3900 cst.
1317 3849 1417 3906 Wt‘m,

291 3973 294 3976 -
331 3940 361 4007 5)
381 3938 438 4006 Sap.
460 3939 501 4002 12,
522 3938 562 3990 12.
589 3937 630 4000 11,
649 3938 690 3988 22.
869 3946 978 3990 neutest.
998 3937 1166 4001 Grarnmatik,
1189 3937 1248 3988 edit.
1267 3934 1308 3986 lv.
1328 3934 1352 3996 §.
1371 3928 1415 3979 60·

332 4026 362 4082 6)
381 4024 434 4076 Cir.
452 4023 537 4075 Mattb.
556 4024 599 4087 24,
618 4024 660 4074 35.
778 4040 783 4053 ¹
869 4041 895 4092 p.
914 4024 975 4075 472.
995 4022 1019 4074 3.
1040 4033 1066 4075 et
1083 4023 1170 4075 naith.
1189 4022 1234 4085 24,
1252 4020 1285 4070 31
1305 4015 1391 4069 0135.

332 4113 362 4179 7)
381 4111 526 4174 Wottoaus,
549 4108 632 4160 Folius
649 4106 844 4162 atCoiomasius
905 4111 935 4176 8)
953 4110 994 4161 Ps.
1015 4110 1057 4173 18,
1076 4112 1100 4161 2.
1120 4109 1145 4159 3.
1164 4108 1189 4159 1.

295 4199 440 4268 conjiciunt
457 4196 577 4263 παρῆλθε,
595 4195 766 4248 Jacobsonur:
784 4194 845 4246 diora
905 4195 935 4265 9)
953 4196 972 4246 l.
993 4210 1017 4247 a.
1037 4199 1082 4266 qui
1099 4211 1152 4250 non
1168 4194 1358 4260 intettiqantur.

1407 4374 1534 4522 ι’
