3659 5209
433 525 499 591 aba
636 513 775 571 annana
792 511 929 569 ειετοα
962 512 1059 567 maa
1077 512 1108 568 n
1143 511 1362 567 annonara.

433 671 532 755 θάτες
551 675 608 744 ἐπὶ
628 671 684 742 τάν
707 671 801 751 Θεάν,
827 672 880 738 καὶ
902 673 981 756 λαμ·
1007 674 1105 737 bitans
1117 674 1218 754 homo,
1235 676 1343 739 sinon
1352 677 1554 757 poenitentiam

432 777 598 868 βάναυσιν,
629 780 681 848 tin
710 770 906 852 άάιστάκτως
933 772 981 841 αἱ
1008 780 1117 862 egerit,
1140 779 1263 842 difficile
1286 779 1359 844 Deo
1382 781 1476 844 vivet

432 891 578 966 σοῦνται,
620 882 716 973 μηδὲν
761 883 982 971 διψυχοῦηες.

433 996 507 1070 Πᾶς
527 986 588 1080 ade
610 987 753 1078 δίαυλος
766 983 851 1076 ἄπ’-ο
873 981 982 1073 torvi

432 1097 626 1186 μετανοήσει,
648 1087 811 1170 δυσκόλως
834 1089 979 1179 σωθήσε-

432 1225 493 1267 ται
537 1194 731 1287 Κυθάρισον
752 1192 809 1264 οὖν
829 1192 887 1284 τήν
904 1221 980 1285 καρ-
1049 1199 1174 1263 Poritica
1197 1218 1274 1284 ergo
1299 1219 1359 1265 cor
1375 1209 1464 1266 tumn
1477 1222 1494 1267 a
1507 1203 1554 1266 du-

432 1303 504 1372 δίαν
532 1325 593 1371 σου
622 1303 692 1371 άπό
721 1304 778 1390 τῆς
807 1298 979 1389 διψοχίας·
1007 1302 1165 1383 bitatione,
1200 1310 1230 1367 et
1264 1305 1361 1369 indue
1395 1307 1502 1386 iidem,
1532 1314 1555 1370 et

432 1409 562 1478 ἔνδυσαι
570 1407 795 1498 dictionibus,
806 1406 857 1473 ὅτι
865 1396 982 1491 ἰσχυρά
1008 1405 1099 1468 crede
1114 1408 1199 1484 Deo;
1223 1417 1254 1472 et
1273 1411 1392 1489 omnia,
1416 1431 1494 1492 quae
1507 1431 1555 1494 pe-

432 1514 511 1593 ἐστι,
531 1514 585 1580 καὶ
607 1513 739 1579 πίστευε
759 1516 806 1596 τῷ
826 1511 906 1594 Θεῷ,
930 1507 981 1575 ὅτι
1007 1511 1107 1589 tieris,
1140 1513 1281 1594 accipies.
1329 1515 1395 1578 Sed
1427 1518 1455 1579 si
1483 1523 1555 1599 petas

433 1613 539 1685 πάντα
552 1615 594 1686 τά
607 1610 769 1705 αἰτήματα
779 1636 847 1694 σου,
862 1612 884 1680 ἂ
898 1609 980 1699 αἰτῇ,
1008 1614 1166 1695 aliquando
1199 1617 1403 1699 petitionem,
1442 1629 1473 1684 et
1505 1639 1555 1684 non

432 1718 529 1813 λήψῃ.
581 1721 648 1787 Καὶ
683 1715 737 1788 ἐάν
776 1708 982 1805 αἰτησάμενός
1007 1720 1146 1801 accipias,
1168 1720 1232 1782 noli
1248 1721 1403 1804 dubitare,
1422 1726 1490 1806 qnia
1504 1743 1554 1788 non

433 1851 514 1894 ποτε
524 1822 614 1915 παρά
620 1826 682 1891 τοῦ
691 1820 800 1912 κυρίου
810 1822 928 1910 αἴτημά
938 1847 980 1900 τι,
1007 1825 1067 1886 cito
1083 1825 1238 1906 acceperis
1252 1827 1439 1907 petitionem
1452 1830 1555 1892 animae

432 1932 492 2001 καὶ.
507 1927 565 2020 [μὴ
585 1922 775 2018 ἀπολήψῃ,
807 1927 853 2015 μή
882 1930 982 2014 depo
1008 1935 1085 1990 tuae.
1106 1928 1244 1992 Forsitan
1255 1931 1336 1994 enim
1354 1941 1485 2016 propter
1495 1940 1555 1996 ten-

433 2033 556 2124 χὴσεις,
585 2029 638 2101 ὅτι
659 2034 769 2117 τάχιον
790 2025 845 2098 oria
867 2027 982 2113 ἔλαβες
1007 2033 1163 2112 tationem,
1190 2040 1242 2096 aut
1263 2052 1323 2116 pro
1346 2045 1480 2118 peccato
1502 2045 1554 2118 tuo,

433 2137 471 2208 τά
509 2142 627 2229 αἴτημα
661 2141 719 2227 τῆς
760 2142 868 2226 ψυχῆς
904 2155 980 2201 σου·
1008 2137 1086 2218 quod
1102 2144 1133 2200 tn
1147 2138 1282 2222 ignoras,
1300 2141 1420 2205 tardius
1433 2144 1553 2225 accipies

432 2244 561 2321 πάντας
575 2244 634 2334 γάρ
649 2239 706 2310 διά
720 2233 897 2332 πειρασμόν
910 2262 981 2305 τινα
1006 2243 1179 2324 petitionem
1207 2249 1297 2306 tuam.
1345 2244 1410 2308 Sed
1441 2255 1475 2311 in
1502 2248 1553 2310 noti

432 2352 461 2442 ἢ
474 2347 678 2439 παράπτωμά
698 2372 739 2427 τι,
763 2341 783 2413 ὅ
797 2368 836 2412 συ
849 2338 980 2432 άγνοεῖς,
1007 2346 1146 2410 desinere
1160 2347 1291 2430 petendo
1302 2352 1484 2430 petitionem
1494 2354 1553 2416 ani·

433 2450 491 2524 οάκ
520 2451 641 2536 ἔλαβες.
684 2451 730 2519 Ed
759 2446 812 2519 οὖν
839 2449 882 2540 μή
910 2450 980 2516 δια-
1006 2469 1072 2513 mae
1086 2456 1165 2530 tuae,
1188 2459 1219 2514 et
1233 2454 1377 2535 accipies.
1415 2456 1449 2520 Si
1465 2464 1552 2520 anton

433 2546 531 2647 λίπῃς
552 2552 717 2642 εὐχόμενος
737 2551 777 2621 τά
792 2555 911 2641 αἴτημα
925 2555 981 2641 τῆς
1007 2556 1175 2618 cessaveris
1197 2556 1339 2638 petendo,
1364 2560 1405 2623 de
1429 2569 1462 2624 te
1484 2580 1552 2644 qne-

433 2671 544 2752 ψυχῆς
569 2684 644 2743 σου,
674 2662 735 2738 ἕως
762 2652 799 2727 οὗ
824 2650 981 2746 ἀπολήψῃ
1006 2660 1100 2738 raris,
1132 2659 1253 2724 nonde
1276 2661 1365 2742 Deo,
1392 2664 1479 2746 quod
1503 2684 1554 2729 non

433 2763 519 2838 αὐτὸ.
561 2762 629 2836 Ἐάν
661 2766 698 2834 δὲ
734 2761 899 2854 ε’κκακὴσῃς
930 2761 982 2828 καὶ
1008 2762 1124 2826 dederit
1154 2765 1213 2827 tibi.
1257 2765 1333 2828 Vide
1366 2786 1448 2851 ergo
1476 2770 1554 2833 dubi·

433 2870 615 2963 άιψυχήσῃς
636 2865 839 2955 αἰτούμενος,
869 2862 981 2935 ἑαυτόν
1008 2868 1149 2930 tationem
1171 2867 1258 2948 hanc,
1281 2887 1373 2950 quam
1390 2875 1554 2955 perniciosa

433 2977 535 3058 αἰτιῶ,
545 2978 599 3043 καὶ
607 2973 653 3065 μή
664 2972 720 3043 τόν
730 2971 857 3042 διδόντα
866 2995 980 3040 σου...
1006 2973 1045 3035 sit
1068 2978 1098 3034 ct
1120 2990 1221 3052 saeva,
1244 2981 1275 3036 et
1285 2975 1404 3039 multos
1421 2977 1553 3045 radicitus

433 3078 543 3150 Βλέπε
565 3072 618 3148 οὖν
637 3075 692 3167 τὴν
720 3060 877 3167 διψυχίαν
905 3070 980 3144 ταύ-
1009 3075 1116 3142 evellat
1130 3095 1147 3138 a
1162 3075 1231 3156 fide,
1247 3077 1335 3140 etiam
1352 3080 1446 3143 vaide
1461 3081 1553 3144 ficeta

433 3213 505 3278 την·
527 3180 651 3274 πονηρά
671 3176 731 3272 γάρ
752 3182 821 3250 ἐστι
839 3180 891 3246 καὶ
905 3174 981 3247 άσά-
1009 3180 1159 3244 etiirmoa
1183 3179 1409 3246 Etenim¹haec
1420 3185 1553 3249 dubitatio

434 3307 529 3371 νετος,
552 3288 605 3356 καὶ
622 3287 763 3363 πολλοὺς
784 3284 901 3374 ἐκριζεῖ
915 3277 982 3350 ebro*
1007 3289 1068 3352 iiiia
1084 3297 1131 3353 est
1142 3290 1261 3366 diaboii,
1278 3296 1308 3352 et
1320 3293 1414 3356 valde
1424 3297 1554 3378 nequiter

433 3399 491 3485 τῆς
514 3392 670 3471 πίστεως,
700 3390 807 3477 accipe
831 3389 901 3456 tter
923 3410 980 3456 πι-
1009 3394 1070 3477 agit
1091 3412 1158 3458 cum
1180 3393 1277 3458 servis
1300 3393 1367 3458 oei.

434 3497 528 3574 στοάς
549 3496 603 3563 καὶ
625 3489 833 3585 ἰσχυρούς...
898 3521 903 3538 ³
954 3521 957 3525 ·

440 3660 447 3676 ,
476 3600 729 3689 Καταφράνησον
755 3593 808 3666 οὖν
830 3593 926 3686 αι’τῆς
948 3597 982 3665 ἐν
1019 3624 1024 3630 ·
1051 3601 1213 3666 contemne
1229 3598 1308 3686 ergo
1325 3604 1554 3683 dubitationem

433 3704 531 3774 παντὶ
561 3698 743 3795 πράγματι,
776 3697 981 3786 ἐνδυσάμενος
1008 3713 1038 3769 et
1054 3706 1253 3770 dominaberis
1268 3707 1348 3770 iilius
1366 3711 1400 3772 in
1423 3714 1505 3776 omni
1517 3729 1554 3774 re

433 3811 488 3901 τήν
511 3809 620 3878 πίστιν
636 3805 691 3897 τήν
709 3806 841 3897 ἰσχυράν
859 3806 910 3874 καὶ
925 3810 980 3874 δυ-
1006 3811 1099 3875 Indue
1113 3810 1225 3873 firmam
1238 3809 1330 3873 fidem
1351 3819 1382 3875 et
1397 3822 1554 3896 potentem

433 3914 543 4006 νατήν·
580 3907 599 4003 ἦ
635 3908 695 4003 γάρ
733 3911 841 3988 πίστις
876 3905 981 3978 πάντα
1006 3917 1095 3980 Fides
1114 3916 1191 3979 enirn
1207 3914 1305 3977 omnia
1321 3920 1514 3998 repromittit,
1529 3924 1555 3981 et

434 4019 692 4109 ἐπαγγέλλεται,Ι
710 4019 815 4086 πάντα
846 4018 981 4084 τελειοῖ·
1008 4022 1104 4084 omnia
1120 4026 1320 4096 eonsumma13
1340 4020 1489 4088 dubitatio
1503 4042 1553 4086 an-

434 4125 456 4216 ἠ
492 4125 529 4192 δὲ
564 4123 725 4212 άιψυχλα,
768 4118 811 4212 μή
846 4145 980 4191 καταπι,
1006 4138 1066 4193 tem
1080 4144 1142 4190 non
1157 4125 1261 4205 credit,
1276 4142 1311 4188 se
1328 4127 1445 4209 aliquid
1464 4132 1553 4214 impe·

471 4350 499 4415 1)
516 4348 613 4405 Laudat
629 4351 654 4405 b.
673 4352 690 4406 l.
709 4354 836 4409 Αιλοααι.
854 4354 888 4407 dc
904 4351 982 4408 Dccr.
1000 4352 1056 4408 iiic.
1073 4353 1134 4422 Syn.
1151 4368 1177 4410 n.
1195 4353 1220 4405 t.
1239 4349 1268 4407 Τ.
1286 4351 1306 4407 i.
1324 4368 1353 4422 p.
1373 4357 1437 4411 211.
