3659 5209
520 532 646 590 tanam
660 530 816 593 setstott
835 531 879 586 Ab
900 531 1111 590 subteranos
1131 534 1255 590 VEL-IX.
1275 536 1307 591 Χ.
1415 540 1478 607 193

344 692 425 760 vrit.
465 697 583 761 Contra
605 694 727 759 diaboti
749 695 888 759 insidias
903 697 1087 761 muniamini
1103 697 1352 778 mansuetudine,
1374 700 1437 780 fide
1453 709 1484 764 et

369 796 373 801 ⁵
813 802 998 875 ,charitate

318 920 325 933 ·
439 908 508 972 Non
532 906 613 988 qnod
635 908 771 971 nouerim
793 907 852 970 tate
876 908 946 990 quid
970 910 1143 990 intervos,
1175 908 1251 972 baec
1276 906 1394 988 scribo}
1427 912 1482 976 sed

346 1015 543 1099 praemunire
573 1012 644 1076 volo
674 1030 745 1093 vos,
779 1021 812 1076 ut
842 1013 919 1077 titios
942 1025 1026 1076 meos
1056 1013 1263 1094 charissimos,
1294 1017 1482 1099 prospiciens

347 1119 476 1182 insidias
494 1117 612 1180 diaboli.
650 1118 712 1180 Vos
734 1118 845 1199 itaque,
873 1118 1151 1183 ¹mansuetudinem
1167 1129 1364 1202 assumentes,
1387 1141 1483 1205 rege-

347 1231 458 1286 nerate
481 1227 598 1285 vosmet
620 1222 703 1304 ipsos
726 1223 755 1284 in
779 1223 848 1303 tide,
870 1221 975 1308 ⁹quae
996 1233 1042 1288 εει
1062 1244 1132 1289 caro
1149 1225 1277 1304 Domini,
1301 1233 1331 1288 et
1353 1227 1381 1288 in
1407 1226 1483 1290 cba-

347 1329 451 1406 ritate,
474 1345 551 1409 quae
574 1332 620 1389 εει
643 1328 765 1409 sanguis
782 1327 855 1391 Jesu
872 1329 989 1392 Christi.
1037 1327 1164 1393 ³Nultus
1183 1337 1316 1393 vestrum
1336 1331 1482 1396 adversus

347 1433 522 1518 proximum
556 1426 692 1514 ⁴aliquid
724 1431 840 1495 babeat.
895 1431 965 1498 5Νε
1000 1453 1102 1497 ansam
1136 1436 1212 1500 dctis
1247 1437 1406 1518 gentibus,
1444 1456 1483 1499 ne

349 1543 477 1621 propter
501 1555 612 1619 paucos
635 1537 808 1620 insipientes
832 1538 997 1620 multitudo,
1020 1557 1098 1621 quae
1121 1542 1215 1604 estin
1237 1541 1314 1620 Deo,
1338 1541 1482 1623 blaspbe-

349 1651 459 1706 metur.
501 1639 519 1707 ,⁶
538 1642 599 1704 Vae
621 1645 701 1704 enim
724 1642 771 1718 ei,
800 1661 859 1721 per
893 1663 981 1724 quem
1012 1645 1047 1705 in
1076 1646 1216 1709 uanitate
1245 1665 1357 1711 nomen
1386 1666 1510 1709 meum.

351 1749 442 1828 apud
464 1748 587 1830 aliquos
614 1746 852 1829 blaspbematur.

349 1940 405 2005 IX.
451 1941 556 2006 Nolite
579 1942 692 2006 audire
715 1962 781 2020 eos,
806 1944 860 2023 qui
882 1942 951 2004 siue
973 1941 1098 2007 Cbrista
1122 1943 1300 2025 loquuntur.
1340 1942 1485 2006 Historia
1588 1936 1590 1941 ’

550 2041 553 2047 “
857 2046 985 2108 Cbristi.

448 2165 617 2234 'obturate
655 2170 746 2252 igitur
782 2187 872 2233 aures
909 2161 1043 2248 v'esuas,
1086 2187 1176 2250 quum
1213 2171 1299 2233 vobis
1337 2171 1482 2253 quispiam

347 2275 490 2355 -loqnitur
517 2276 582 2338 sine
605 2275 679 2339 Jesu
707 2275 840 2355 Christo,
871 2269 950 2356 ⁸qui
979 2294 1018 2337 ex
1047 2293 1163 2358 genere
1193 2273 1331 2352 Dauidis,
1363 2277 1412 2355 qui
1444 2295 1484 2338 ex

353 2381 464 2460 Maria,
498 2383 644 2463 quivere
666 2389 752 2444 uatus
776 2388 838 2462 est,
870 2381 932 2444 edit
954 2377 990 2443 ἐι
1020 2378 1107 2456 bibit,
1138 2397 1211 2442 vere
1242 2379 1483 2463 persecutionem

353 2500 464 2570 passus
487 2491 534 2548 est
562 2486 744 2551 sub'Pontio
767 2486 875 2566 Pilato,
905 2503 979 2549 vere
1009 2483 1168 2547 crucifixus
1199 2489 1229 2546 et
1259 2491 1394 2546 mortuus
1426 2489 1483 2561 cst,

354 2591 525 2663 uidentibus
557 2592 737 2655 coelestibus
761 2587 820 2654 ⁹et
843 2592 1034 2654 terrestribus
1064 2596 1093 2651 ct
1121 2589 1340 2664 subterraneis3
1373 2589 1423 2669 qui
1453 2593 1484 2650 ct

354 2715 429 2760 vere
441 2697 606 2758 resurrexit
619 2716 634 2759 a
648 2697 781 2774 mortuis,
797 2699 993 2760 resuscitante
1008 2696 1103 2776 ipsum
1119 2702 1203 2776 patre
1217 2694 1318 2775 ipsius,
1336 2689 1481 2774 ¹⁰quem·

354 2800 513 2865 admodum
535 2799 560 2841 ¹¹
573 2801 609 2863 ad
626 2803 691 2885 ejus
707 2801 925 2864 similitudinem
946 2810 975 2864 et
991 2817 1056 2877 nos,
1080 2800 1108 2860 ei
1124 2798 1292 2878 credentes,
1316 2805 1400 2879 pater
1415 2799 1481 2879 ejus

354 2906 395 2971 ita
406 2907 593 2970 resuscitabit
604 2907 634 2969 in
642 2905 714 2969 Jesu
723 2906 850 2987 Christo,
863 2904 889 2944 ¹²
897 2907 963 2969 sine
974 2923 1033 2986 quo
1046 2922 1147 2967 ueram
1158 2904 1247 2968 vitam
1258 2921 1318 2965 non
1329 2903 1480 2965 babemus.

354 3091 391 3163 X.
429 3099 464 3162 st
487 3099 630 3162 Ctrtsms
647 3117 711 3161 non
730 3118 803 3162 nere
820 3117 935 3178 possus
957 3103 1013 3174 est,
1035 3096 1160 3174 frustra
1179 3115 1235 3176 epo
1255 3095 1383 3158 uincula
1399 3094 1481 3173 sero.

444 3221 475 3286 Si
498 3238 589 3300 vero,
612 3225 644 3283 ut
665 3219 784 3301 quidam
807 3219 901 3300 athei,
923 3219 982 3283 hoo
1006 3227 1069 3302 est,
1100 3218 1252 3297 infideles,
1284 3219 1383 3300 ajunt,
1414 3236 1481 3280 cum

356 3325 521 3399 §mundum
544 3328 742 3407 apparentiam
766 3343 835 3388 esse
858 3345 989 3408 passum,
1013 3326 1069 3407 ipsi
1092 3323 1255 3388 secundum
1278 3325 1479 3407 apparentiam

355 3437 467 3517 tantum
485 3431 648 3493 existentes
657 3453 666 3508 ;
690 3431 726 3493 ad
743 3430 812 3512 quid
829 3450 888 3514 ego
906 3433 1023 3495 vinctus
1038 3450 1114 3509 sum,
1138 3449 1192 3493 cur
1210 3437 1281 3511 opto
1297 3448 1362 3493 cum
1377 3429 1482 3491 bestiis

356 3535 557 3617 depugnare?
600 3535 723 3599 Frustra
755 3537 855 3617 itaque
889 3537 1027 3602 morior?
1076 3533 1221 3600 13Νοηῐιε
1249 3551 1309 3617 ego
1339 3533 1413 3596 iutsn
1443 3531 1481 3611 de

356 3641 483 3704 Domino
506 3640 641 3722 loquor?
697 3681 700 3686 -

378 3770 420 3841 ’9)
439 3778 491 3826 Kat
509 3785 591 3829 exstat
609 3781 634 3829 in
652 3777 712 3829 btto.
741 3782 797 3831 Jaa.
905 3800 909 3804 ·
930 3776 1004 3847 ἐγερεῖ
1022 3775 1052 3846 [o‘
1068 3772 1147 3842 uarp'p
1164 3772 1239 3843 adrat]
1259 3774 1285 3825 ἓν
1304 3777 1410 3844 Χριστῷ.

306 3888 310 3895 ·
376 3865 422 3934 to)
441 3865 477 3917 ita
495 3862 631 3932 tegendum
652 3881 709 3917 essa
727 3872 814 3916 monet
826 3867 903 3918 Smi-
952 3868 996 3934 11)
1016 3866 1067 3917 sir,
1085 3863 1096 3915 t
1115 3863 1171 3914 Cor.
1195 3864 1238 3928 15,
1258 3862 1301 3915 ts.

356 3957 447 4017 titius,
476 3952 541 4002 duco
569 3953 649 4006 veteri
672 3951 823 4019 interprete.
860 3952 904 4004 bis.
951 3953 995 4015 12)
1015 3946 1490 4015 antonnacum.tt,6.20,3t.·

354 4038 421 4090 narei
445 4034 476 4089 τό
499 4035 624 4102 ὁμοίωμα,
652 4033 676 4095 ὃς
700 4042 740 4088 καὶ
765 4035 825 4102 ἡμᾶς
853 4037 907 4096 τούς
952 4040 995 4104 13)
1015 4040 1124 4092 Sensus:
1159 4053 1245 4090 nonne
1275 4053 1321 4107 epo
1349 4038 1423 4104 [nisa
1449 4037 1482 4088 de

354 4115 615 4182 mancationem-'ni-
650 4129 725 4180 Natta
742 4124 759 4177 l.
778 4143 802 4180 a.
814 4143 839 4195 p.
855 4127 906 4178 232
935 4129 1158 4195 neminemnam,
1171 4125 1199 4176 ai
1210 4125 1263 4188 itti,
1276 4140 1367 4177 ueram
1380 4125 1482 4176 Cbriati

353 4214 434 4284 legite
461 4206 487 4268 ὃς
510 4214 550 4260 καὶ
573 4211 635 4261 nurui
658 4210 688 4263 τὸ
712 4207 825 4275 ὁμοίωμα
848 4209 908 4278 ἡμᾶς
933 4224 1042 4267 mortem
1065 4221 1205 4281 nepente'a,
1231 4227 1297 4262 uera
1314 4206 1482 4277 loquuntur?

352 4301 411 4358 τούς
435 4295 591 4356 πιστεύοντας
613 4295 678 4366 adep
702 4296 777 4355 odron
793 4295 865 4367 impet
882 4296 907 4347 ἓν
934 4304 1009 4353 tiore
1031 4316 1089 4352 mea
1106 4303 1168 4369 ipen
1183 4301 1271 4366 fatam
1288 4298 1425 4350 doctrinm
1440 4303 1482 4350 eat

354 4388 460 4458 Χρωτῷ
468 4380 541 4450 Ἰηοῦ.
565 4384 723 4440 Bnnaeniusa
741 4381 783 4445 ὃς·
796 4423 802 4436 ·
815 4424 821 4436 .
833 4382 908 4444 οὕτως
932 4387 1104 4457 praedicatio.

407 4490 651 4542 cinanmomum.
1232 4470 1272 4539 13
1358 4508 1362 4512 -
1472 4546 1590 4668 t
