3659 5209
532 487 669 541 HERMAE
688 487 822 543 PASTOR.
858 488 955 544 tinen
973 490 992 543 t.
1028 491 1175 566 vtstottt.
1352 497 1415 562 335

291 655 402 713 terram
425 649 547 731 vadunt,
570 657 601 715 et
618 670 677 715 non
698 659 767 718 sunt
788 647 901 733 'politi
925 654 992 717 illos
1009 655 1090 718 Deus
1106 655 1251 738 probavit,
1276 655 1415 737 quoniam

290 756 422 838 ingressi
444 762 514 820 sunt
536 758 566 820 in
589 755 791 838 ²aequitatem
806 746 935 840 Dornini,
959 768 989 823 et
1012 756 1185 826 direxerunt
1203 741 1266 825 vias
1282 762 1311 824 in
1328 783 1415 825 nran-

292 861 367 923 datis
391 863 465 945 ejus.
501 864 669 937 Quiautern
687 863 870 945 adseruntur,
894 871 923 929 et
939 873 1087 948 ponuntur
1103 868 1133 929 in
1148 875 1297 930 structura
1314 870 1415 948 turris,

290 966 532 1037 iisuntnovelli
557 969 585 1031 in
609 968 681 1048 srde,
705 976 735 1031 et
750 969 872 1034 fideles.
920 970 1152 1035 commonentur
1175 979 1282 1034 autem.
1297 972 1332 1035 ab
1356 992 1413 1035 an-

290 1073 369 1154 gelis
393 1073 428 1135 ad
453 1074 708 1154 benefaciendum,
732 1083 891 1156 propterea
912 1076 993 1156 quod
1010 1095 1069 1140 non
1086 1085 1132 1139 est
1148 1078 1267 1140 iuventa
1283 1077 1414 1159 nequitia

290 1179 320 1240 in
350 1178 435 1240 tuisf<
484 1181 587 1259 ,Quos
617 1186 714 1241 autern
743 1180 918 1262 rejiciebant
945 1189 978 1243 et
1007 1163 1158 1264 ponebant
1184 1183 1271 1265 Juxta
1301 1183 1414 1260 turrim,

292 1285 433 1365 quisunt
456 1286 540 1348 iniit
578 1286 628 1348 Ait
643 1286 727 1349 rnibi:
754 1287 794 1365 ,ii
809 1293 885 1365 sunt,
909 1286 959 1367 qui
975 1294 1184 1367 peccaverunt,
1210 1295 1239 1349 et
1254 1286 1415 1348 votuerunt

289 1391 500 1471 poenitentiam
524 1410 633 1473 ugere3
656 1400 779 1472 propter
802 1392 860 1454 hoc
883 1375 943 1454 non
962 1399 1031 1454 sunt
1047 1392 1137 1475 longe
1153 1392 1279 1475 projecti
1296 1410 1311 1451 a
1330 1390 1413 1468 turri,

291 1496 430 1575 quouiarn
454 1495 541 1558 utiles
565 1503 651 1559 erunt
674 1498 703 1558 in
727 1504 886 1576 structura,
910 1498 933 1558 si
958 1498 1167 1578 poeniteutiam
1191 1497 1317 1580 egerint.
1356 1495 1414 1569 Oui

290 1618 365 1682 ergo
388 1601 601 1681 poenitentiam
625 1603 718 1663 acturi
741 1608 826 1682 sunt,
859 1603 884 1663 si
914 1603 1030 1683 egerint
1053 1603 1282 1683 poenitentiam,
1317 1599 1412 1662 sortes

291 1710 377 1765 erunt
393 1704 421 1764 in
439 1703 507 1782 fide,
532 1706 557 1766 si
573 1724 652 1767 tnnc
667 1707 877 1787 poenitentiam
894 1707 1021 1788 egerint,
1042 1705 1110 1770 dum
1126 1705 1298 1769 aedificatur
1314 1705 1412 1766 turris.

290 1804 386 1870 ³Nanr
410 1810 436 1870 si
459 1809 769 1879 consummataiuerit
783 1817 942 1887 structura,
963 1811 1024 1892 jarn
1041 1811 1107 1890 quis
1123 1828 1183 1873 non
1200 1809 1289 1871 babet
1304 1808 1413 1885 locum,

288 1915 500 1995 ubiponatur,
523 1915 576 1976 sed
600 1916 657 1977 erit
678 1916 825 1997 reprobus
833 1936 843 1991 ;
867 1914 1053 1978 solummodo
1070 1921 1166 1978 auteur
1187 1912 1268 1976 ⁴boc
1283 1912 1411 1990 habebit,

289 2019 340 2098 qui
359 2020 420 2100 jaun
443 2019 479 2082 ad
503 2020 605 2081 turrim
629 2020 743 2100 positus
767 2019 842 2080 est.“

378 2123 424 2186 Vl.
450 2125 527 2205 „Qui
543 2130 638 2185 autern
653 2123 872 2200 recidebantur,
889 2129 920 2184 ct
934 2121 1025 2205 longe
1040 2124 1272 2205 projiciebantur
1288 2140 1304 2182 a
1319 2128 1411 2198 turre,

288 2229 333 2290 vis
357 2228 445 2306 scire,
469 2230 520 2309 qui
543 2229 657 2290 sunt‘t“
699 2228 825 2308 ,Voio,“
851 2227 978 2307 inquam,
1003 2227 1171 2305 ,domina.“
1213 2228 1254 2306 ,li
1275 2233 1342 2289 suut
1361 2225 1412 2288 sitii

287 2335 468 2414 iniqnitatis,
493 2336 595 2414 etqui
618 2334 809 2397 crediderunt
831 2334 860 2395 in
883 2333 1087 2412 simulatione,
1111 2339 1139 2394 et
1163 2332 1411 2410 onrnis'nequitia

287 2458 350 2502 non
374 2439 510 2501 discessit
533 2440 568 2501 ub
593 2440 644 2501 eis.
683 2440 809 2519 Propter
830 2438 889 2500 boc
908 2457 968 2500 non
991 2438 1101 2505 habeut
1116 2438 1248 2514 salutent,
1272 2437 1411 2516 quoniam

288 2563 349 2608 non
370 2550 439 2607 sunt
455 2545 540 2606 utiles
557 2545 586 2606 in
603 2551 760 2622 structura,
783 2548 905 2624 propter
922 2543 1066 2623 nequitias
1082 2559 1162 2605 suas.
1201 2538 1411 2621 ⁵Quapropter

289 2650 384 2711 excisi
405 2658 475 2712 sunt
498 2655 528 2711 et
549 2649 640 2731 longe
663 2649 790 2730 projecti
811 2629 935 2730 propter
956 2649 1029 2710 irarn
1045 2649 1171 2725 Domini,
1195 2647 1261 2727 quia
1279 2662 1409 2706 exacer-

287 2756 434 2818 baverunt
457 2775 533 2818 eurn.
579 2755 722 2817 Caeteros
745 2760 844 2816 autern
864 2752 995 2834 lapides,
1019 2770 1095 2834 quos
1119 2751 1216 2814 vidisti
1239 2748 1408 2829 complures

286 2861 412 2941 positos,
436 2879 497 2924 non
520 2867 625 2943 cuntes
643 2860 680 2923 in
699 2846 887 2936 structuram,
909 2859 930 2921 ii
945 2858 1085 2940 quidern,
1097 2858 1147 2938 qni
1163 2855 1298 2918 scabrosi
1315 2859 1408 2932 erant,

286 2965 317 3026 bi
341 2971 424 3043 sunt,
455 2965 504 3045 qni
534 2971 741 3047 cognoverunt
771 2964 942 3041 veritatem,
973 2969 1003 3024 et
1024 2981 1081 3026 nec
1104 2957 1356 3042 ⁶perrnansernnt
1378 2959 1408 3019 in

287 3088 341 3146 ea,
364 3088 419 3132 nec
443 3071 591 3152 conjuncti
614 3076 682 3132 sunt
704 3070 831 3142 sanctis5
862 3075 986 3148 propter
1008 3068 1066 3130 boc
1089 3067 1205 3130 inutiles
1228 3072 1304 3127 sunt.
1351 3063 1408 3137 Oui

285 3179 384 3236 autern
406 3175 551 3236 scissuras
575 3175 737 3253 habebant,
766 3172 795 3233 hi
818 3178 902 3249 sunt,
927 3173 977 3252 qui
1000 3173 1076 3234 alius
1099 3171 1244 3234 adversus
1268 3168 1355 3230 aliuur
1378 3167 1407 3228 in

284 3278 426 3342 cordibus
451 3277 627 3341 discordiam
649 3278 775 3354 babent,
803 3283 833 3339 et
855 3296 914 3339 non
938 3278 1048 3340 habent
1069 3296 1172 3359 pacem
1195 3278 1271 3337 inter
1295 3291 1346 3349 se3
1377 3273 1407 3334 in

283 3385 454 3467 praesentia
478 3383 596 3463 quidem
620 3401 724 3462 pacem
746 3384 906 3460 babentes,
940 3402 1030 3462 quum
1053 3389 1151 3445 autern
1178 3397 1253 3444 unus
1282 3380 1319 3440 ab
1349 3377 1406 3440 alio

283 3477 468 3568 discesserit,
493 3489 621 3569 nequitia
644 3506 747 3550 eorum
761 3489 791 3550 in
809 3488 948 3552 cordibus
964 3496 1124 3569 permanet.
1168 3488 1230 3550 Hae
1245 3492 1314 3549 sunt
1331 3501 1406 3566 ergo

282 3596 451 3673 scissurae,
483 3608 556 3674 quas
587 3593 696 3654 babent
724 3593 846 3681 lapides.
893 3594 951 3668 Qui
977 3602 1049 3682 vero
1073 3592 1148 3654 curti
1170 3598 1255 3670 sunt,
1285 3592 1305 3652 ii
1328 3595 1407 3668 sunt,

319 3731 347 3794 1)
365 3730 384 3782 1.
399 3747 422 3782 e.
443 3733 488 3800 qut
505 3747 553 3784 nec
571 3731 693 3799 apostoli,
713 3735 831 3800 episcopt
892 3731 921 3798 4)
940 3729 963 3781 le
982 3737 1078 3781 tanturn
1097 3729 1180 3780 iocum
1199 3726 1303 3778 habebit
1320 3727 1344 3777 in
1358 3741 1405 3776 ec÷

283 3824 351 3881 ete,
378 3835 426 3870 nec
449 3828 580 3887 martyros
605 3828 684 3882 sonu
709 3817 735 3869 bi
754 3819 829 3884 enim,
857 3816 951 3882 etesia,
982 3819 1038 3885 qui,
1067 3816 1125 3867 dnm
1152 3816 1235 3867 turris.
1251 3813 1405 3876 aedificatur,

282 3920 345 3972 prae
364 3906 456 3956 ceteris
475 3906 589 3973 egregii,
608 3904 679 3973 potin
698 3912 762 3956 sunt.
819 3963 822 3969 ,
856 3906 1036 3972 poenitentiam
1055 3905 1115 3970 agit.

318 3992 348 4058 2)
367 3995 489 4061 Aequitas
504 4015 538 4038 =
555 3989 681 4052 δικαίωμα,
698 4007 828 4060 proecep—
882 3992 920 4056 ·5)
951 3991 1000 4054 Qui
1036 3990 1110 4041 fidem
1146 3997 1243 4039 tanturn
1278 3985 1403 4050 simutant,

283 4088 353 4145 tum,
372 4079 417 4130 eir.
431 4079 478 4148 Ep.
492 4077 566 4129 Barn.
580 4066 602 4129 c.
616 4079 639 4129 2.
658 4094 683 4145 p.
697 4077 722 4129 3.
738 4087 790 4130 not.
805 4079 829 4130 5.
857 4077 1024 4130 excludentur
1054 4077 1085 4128 ab
1116 4075 1240 4140 ecclesia,
1270 4089 1335 4142 quae
1365 4080 1404 4123 est

318 4167 347 4233 3)
366 4165 582 4230 Hermasdocet,
605 4173 676 4216 extra
695 4164 829 4216 ecclesiam
856 4175 958 4219 cancta.
996 4162 1046 4216 cn.
1065 4169 1157 4228 Rotbe,
1176 4161 1233 4212 Ant.
1253 4178 1277 4228 p.
1297 4160 1355 4211 600.

281 4269 332 4305 uon
353 4269 410 4305 csse
428 4253 542 4305 salutern.
580 4251 631 4306 cfr.
652 4251 729 4319 Epl
751 4250 828 4304 Clam.
890 4251 919 4315 6)
938 4250 1044 4302 Hermas
1070 4251 1101 4302 dc
1125 4249 1260 4302 haereticis
1285 4246 1402 4316 loquitur.
1480 4241 1485 4245 ”

282 4357 305 4393 c.
326 4342 359 4393 57
378 4349 405 4393 ct
422 4344 515 4406 Rotbc,
534 4339 591 4394 Ani.
610 4357 635 4409 p.
656 4339 706 4392 579
725 4355 763 4408 sq.
857 4334 908 4392 Cir.
927 4352 1004 4405 supro
1021 4346 1074 4392 not.
1092 4338 1117 4389 3.
