3659 5209
568 1264 1130 1382 Pnouuaotttittu.

461 1649 486 1733 Ι.
540 1651 603 1733 lib
639 1649 899 1733 uersutia
934 1650 1225 1735 truditis.

365 1830 386 1891 1.
431 1829 513 1891 inter
536 1828 564 1894 S.
588 1829 668 1892 Pauli
699 1827 800 1891 socios
831 1834 862 1888 et
894 1827 1084 1909 coadjutores
1114 1827 1208 1891 Joses
1237 1827 1409 1889 Barnabas

277 1933 400 2011 eminet,
424 1934 455 1994 in
470 1933 570 2012 Cypro
592 1939 690 2008 natus,
714 1947 829 2011 genere
845 1928 980 1993 budaeus
1003 1938 1033 1992 et
1048 1932 1161 2011 Levita,
1184 1935 1235 2013 qui
1257 1933 1409 1995 christiani

278 2037 392 2099 amoris
423 2035 547 2097 fervore
575 2041 674 2097 motus
703 2051 808 2114 agrum
836 2050 922 2095 suum
950 2034 1099 2114 uendidit,
1131 2039 1317 2119 pretiumque
1340 2044 1409 2099 unio

279 2138 378 2220 pedes
401 2137 617 2219 Apostolorum
640 2138 750 2220 posuit.
794 2136 858 2200 Act.
882 2135 913 2216 1,
938 2135 990 2201 37.

361 2243 504 2306 'Numero
528 2243 608 2306 Liui
630 2242 841 2324 discipulorum
867 2242 977 2306 Christi
1001 2260 1068 2304 eum
1097 2241 1192 2306 fuisse
1221 2245 1409 2325 adscriptum,

281 2353 403 2412 veteres
426 2339 487 2411 non
511 2349 624 2412 absone
647 2347 766 2411 tradunt
788 2345 825 2432 ¹),
853 2367 1018 2430 eorumque
1042 2349 1243 2411 narrationem
1266 2349 1302 2410 ad
1326 2351 1412 2410 veri-

280 2459 371 2516 tatem
403 2453 550 2517 accedere
581 2455 768 2516 recentiores
798 2472 858 2517 nou
891 2455 1010 2516 incaute
1043 2452 1178 2515 credunt.
1236 2453 1412 2537 cognomen

280 2557 471 2636 Barnabae,
504 2565 582 2622 teste
612 2557 641 2622 S.
666 2557 818 2640 Scriptura
850 2559 885 2621 ab
909 2557 1065 2639 Apostoiis
1087 2557 1199 2621 Nostro
1229 2551 1428 2639 impositum,⁴

279 2662 359 2725 idem
390 2680 460 2726 esse
489 2664 569 2745 quod
599 2673 698 2755 titttzp
724 2674 769 2738 '¹3
800 2681 872 2725 seu:
901 2663 1003 2741 fitium
1031 2662 1192 2725 arationis
1221 2663 1410 2741 inspiratae,

281 2803 321 2847 ex
342 2785 485 2849 versione
509 2784 538 2850 S.
561 2785 661 2849 Lucae
684 2787 749 2849 Act.
775 2781 805 2864 4,
830 2781 889 2848 36:
913 2779 985 2858 υἱός
1007 2771 1235 2872 παρακλήσεως
1256 2786 1329 2847 satis
1353 2783 1411 2846 ud-

280 2895 367 2972 paret
382 2885 424 2973 ²).
471 2889 570 2953 Josea
592 2890 772 2955 Raraabam
799 2908 815 2951 a
839 2889 979 2968 Josepbo
1002 2888 1151 2952 barsaba
1175 2885 1260 2971 (Act.
1287 2887 1314 2967 1,
1337 2886 1409 2972 23.)

281 3013 342 3057 non
367 3011 438 3057 esse
462 2993 713 3078 distinguendum,
742 2988 771 3057 et
793 3002 952 3076 utrumque
975 3013 1084 3059 nomen
1108 2993 1242 3058 eumdem
1265 2995 1410 3058 denotare

280 3117 450 3182 personam,
473 3100 585 3164 uostris
607 3101 791 3184 temporibus
811 3099 993 3162 Utinraaaas
1010 3097 1042 3184 ³)
1066 3106 1096 3163 et
1117 3101 1167 3162 atii
1188 3101 1317 3183 probare
1341 3108 1409 3163 stu-

281 3203 408 3283 debant,
440 3204 565 3268 aiiorum
588 3223 714 3268 assensu
743 3205 890 3286 destituti,
923 3207 1062 3289 beneque
1084 3207 1313 3270 reclamantibus
1336 3207 1409 3268 viris

281 3309 462 3373 doctissimis
484 3311 531 3373 De
554 3311 654 3374 Wette
671 3308 722 3395 ⁴),
755 3311 925 3375 Olshauseu
942 3308 974 3396 ⁵)
998 3317 1028 3373 et
1050 3312 1157 3377 Winer
1171 3308 1214 3397 ⁶).
1259 3311 1347 3373 Plura
1371 3309 1409 3372 de

280 3415 340 3479 vita
358 3421 394 3478 et
416 3415 570 3479 laboribus
593 3415 746 3478 Barnabae
769 3417 941 3498 apostolicis
971 3417 1058 3480 nobis
1081 3417 1199 3482 tradunt
1221 3417 1289 3479 libri
1312 3415 1408 3478 sacri:

347 3516 384 3604 a)
411 3519 476 3584 Act.
494 3518 523 3599 9,
541 3517 592 3586 26.
609 3519 678 3585 tt:
702 3521 821 3585 Paulum
839 3539 1018 3586 conversum
1034 3522 1147 3604 primus
1162 3521 1313 3583 barnabas
1329 3521 1409 3584 circa

414 3645 481 3689 ann.
497 3622 540 3691 to
556 3646 583 3709 p.
600 3626 652 3690 Ch.
668 3627 831 3709 Apostolis,
854 3626 951 3690 adhuc
972 3627 1053 3690 iilum
1074 3627 1253 3705 timentibus,
1276 3625 1408 3690 adduxit.

318 3762 346 3828 1)
365 3765 445 3818 Olera.
458 3766 534 3819 Atra.
546 3762 638 3816 Strom.
648 3762 703 3817 Lib.
713 3763 745 3819 11.
756 3782 778 3818 o.
788 3765 831 3818 20.
895 3765 925 3830 3)
946 3763 1051 3818 Studien
1064 3780 1089 3817 u.
1103 3762 1217 3817 Kritikau
1229 3762 1306 3818 1828.
1318 3781 1344 3832 p.
1357 3763 1408 3815 37⁷

281 3864 307 3916 p.
326 3849 378 3901 489
403 3849 443 3903 ed.
468 3849 533 3903 Pott.
556 3850 646 3905 venet.
682 3855 781 3907 Easab.
801 3853 831 3905 Η.
858 3870 913 3923 sqq.

281 3933 312 3988 Ε.
331 3934 351 4001 Ῑ,
372 3936 413 3986 12·
447 3940 576 4010 Epipausa
595 3939 666 3992 haar.
686 3939 729 4005 20,
748 3941 773 3993 t.
892 3940 923 4009 4)
942 3938 1025 3991 Kurra
1051 3939 1195 4008 Erkiiroog
1220 3937 1267 3990 dar
1284 3932 1407 4004 Apostol-

317 4022 347 4090 2)
367 4022 406 4076 De
416 4023 463 4076 hac
473 4041 501 4077 re
514 4024 639 4093 disputavi
649 4028 674 4078 iu
684 4026 749 4078 libro
759 4042 831 4079 meo:
858 4026 945 4099 gaseh.
965 4045 990 4095 p.
1011 4027 1045 4079 12
1064 4027 1096 4079 ad
1115 4024 1171 4078 Act.
1191 4025 1211 4091 1,
1230 4024 1273 4076 23.

281 4113 341 4164 nas
351 4113 749 4183 Sandsobraitandasdpastats
756 4118 831 4169 Bar·
894 4117 923 4180 5)
942 4113 1008 4167 Bibt.
1030 4113 1199 4167 commentar.
1218 4112 1245 4163 Τ.
1258 4109 1290 4175 ΙΙ,
1308 4125 1333 4176 p.
1347 4107 1408 4161 574.

281 4200 367 4252 nabas
385 4202 448 4268 nass
467 4201 540 4253 Narra
557 4204 726 4268 antorsaobt,
752 4203 832 4255 ribar-
895 4201 926 4268 6)
945 4199 1009 4254 Bibi.
1028 4197 1257 4253 Roaiwdrterbuch
1276 4213 1297 4249 s.
1316 4211 1340 4246 v.
1353 4197 1407 4249 do-

281 4293 354 4340 sstst
378 4287 435 4338 aad
461 4288 563 4340 arirtdrt
580 4293 629 4338 eto.
674 4285 736 4339 Tub.
759 4287 833 4339 isto.
860 4290 925 4357 sapt
942 4290 1089 4341 barsabas.
1129 4285 1180 4337 Cir.
1199 4281 1290 4335 tibrum
1309 4294 1409 4331 meam:

281 4385 308 4439 p·
329 4368 408 4427 6-8.
862 4378 920 4429 iios
938 4372 1147 4428 Sasdsctrar'taa
1159 4377 1209 4422 stc.
1227 4384 1253 4436 p.
1272 4366 1366 4419 9-11.

266 4510 270 4515 .
336 4471 479 4527 raaudus.
494 4474 533 4518 ut.
548 4476 584 4518 ru.
1173 4455 1202 4521 Α
