3659 5209
529 548 720 607 uturrmuu
740 553 765 606 s.
785 551 975 610 rouretum.
995 556 1071 613 xm.
1089 557 1176 614 xum.
1351 564 1412 632 291
1500 528 1505 552 ¹

239 724 248 761 t
288 725 412 792 scopus.
458 711 554 776 Omne
575 714 654 777 enim
678 716 811 797 verbum,
834 717 915 799 quod
933 736 986 782 ore
1002 737 1058 783 suo
1075 721 1180 801 emisit,
1202 730 1252 786 aut
1267 725 1416 808 impletum

237 810 250 871 t
288 822 337 878 est
359 815 609 897 autimplebitur.

237 1004 254 1065 i
399 1007 486 1071 XVll.
531 1008 700 1090 Polycarpi
722 1030 838 1092 corpus
863 1011 1055 1077 Christianis
1077 1036 1140 1079 ooo
1163 1020 1307 1083 traditor.

378 1129 437 1195 Sed
468 1149 534 1192 cum
564 1131 696 1195 aemulus
726 1131 777 1194 ille
808 1141 838 1197 et
869 1134 987 1199 invidus
1016 1145 1046 1199 et
1067 1138 1178 1218 moloc,
1207 1143 1416 1224 justorumque

237 1252 257 1307 p
288 1236 396 1319 generi
422 1233 611 1316 ¹adversus,
636 1238 753 1321 insigne
775 1237 854 1301 illius
876 1243 1048 1324 martyrium
1072 1234 1228 1325 cerneret,
1254 1265 1417 1328 moresque

236 1336 260 1411 iu.
288 1342 325 1405 ab
348 1343 470 1405 ineunte
493 1349 591 1406 aetate
617 1344 865 1425 irreprehensos,
897 1352 928 1408 et
956 1364 1025 1409 eum
1057 1367 1168 1413 corona
1194 1351 1416 1414 immortalitatis

236 1446 260 1523 ri
288 1454 475 1526 coronatum,
498 1449 722 1529 praemiumque
738 1450 804 1512 sine
819 1453 1026 1515 controversia
1047 1461 1270 1535 reportantem
1294 1474 1416 1539 operam

236 1546 261 1617 i·
288 1551 387 1631 dedit,
421 1571 460 1616 ne
482 1553 627 1634 reliquiae
651 1555 717 1636 ejus
740 1573 757 1616 a
781 1556 868 1619 nobis
890 1553 1135 1636 ²aufferreotur,
1167 1561 1302 1641 quamvis
1333 1561 1417 1624 multi

236 1662 261 1723 rt
286 1656 316 1720 id
341 1655 444 1719 lacere
468 1664 498 1721 et
521 1665 624 1721 sancto
641 1658 719 1722 illius
736 1678 865 1742 corpore
881 1663 1041 1743 participes
1058 1663 1121 1727 lieri
1137 1671 1289 1745 cuperent.
1331 1665 1415 1748 Sug-

236 1788 257 1843 ¹.
285 1764 382 1847 gessit
406 1778 482 1844 ergo
505 1761 641 1826 diabolus
656 1764 788 1843 Nicetes,
812 1765 939 1829 llerodis
958 1768 1043 1848 patri,
1068 1767 1150 1830 tratri
1172 1776 1268 1831 autem
1289 1766 1415 1848 ³lllces,

236 1866 257 1933 s
285 1867 372 1932 adire
398 1867 624 1950 proconsulem,
654 1887 693 1930 ne
723 1888 832 1953 corpus
862 1870 941 1933 illius
971 1872 1008 1934 ad
1040 1873 1243 1954 sepeliendum
1267 1874 1414 1937 traderet:

236 1976 252 2037 ir
284 1994 342 2053 sc,
375 1973 484 2054 lnquit,
516 1974 626 2036 relicto
657 1975 825 2054 crucifixo,
858 1976 942 2036 bunc
972 1977 1077 2039 colera
1107 1978 1270 2058 incipiant.
1314 1980 1416 2059 Atque

237 2070 250 2153 i
283 2078 362 2142 baec
386 2078 533 2157 dicebant,
557 2078 790 2162 suggerentibus
814 2085 844 2140 et
868 2079 1044 2142 instantibus
1064 2081 1196 2162 Judaeis,
1219 2085 1270 2163 qui
1293 2101 1415 2164 quoquc

235 2204 244 2263 q
284 2184 526 2249 observaverant
549 2200 615 2261 uos,
640 2201 679 2244 ex
702 2181 773 2264 igne
796 2200 863 2244 euru
885 2190 1077 2247 extracturos
1085 2207 1094 2261 ;
1118 2187 1230 2268 ignari,
1253 2188 1334 2267 quod
1358 2207 1415 2251 nec

235 2288 241 2351 i
282 2288 445 2367 Christum,
470 2288 519 2368 qui
542 2305 597 2368 pro
621 2287 716 2349 salute
739 2286 877 2365 omnium,
901 2289 950 2367 qui
975 2289 1005 2350 in
1027 2295 1089 2352 toto
1109 2288 1218 2352 mundo
1239 2290 1313 2351 salvi
1332 2291 1413 2370 lient,

235 2418 239 2457 ι
282 2411 394 2478 passus
419 2400 466 2456 est
489 2388 518 2476 [⁴
530 2391 697 2472 inculpatus
717 2409 772 2472 pro
791 2387 1027 2475 peccatoribus],
1051 2411 1178 2473 unquam
1203 2393 1413 2477 derelinquere

282 2500 466 2582 poterimus,
490 2514 589 2577 neque
612 2496 699 2559 alium
723 2513 899 2576 quemquam
924 2496 1034 2559 colere.
1080 2496 1163 2559 lllum
1191 2499 1286 2575 enim,
1310 2502 1413 2578 utpote

281 2602 456 2668 lilium'Dei
478 2601 651 2679 adoramus3
675 2609 823 2684 martyres
845 2620 921 2664 vero
944 2606 1090 2680 tamquam
1114 2601 1230 2663 Domini
1254 2601 1414 2682 discipulos

280 2715 315 2773 et
331 2708 507 2771 'imitatores
538 2707 644 2769 merito
675 2705 840 2788 diligimus,
872 2713 996 2789 propter
1027 2705 1145 2769 illorum
1176 2707 1313 2769 eximiam
1341 2725 1415 2790 erga

278 2832 391 2899 regem
420 2831 457 2875 ac
487 2813 658 2895 magistrum
688 2828 773 2873 suum
803 2811 1063 2888 benevolentiam
1095 2829 1220 2892 quorum
1251 2812 1359 2875 utinam
1384 2818 1415 2875 et

277 2937 341 2985 nos
365 2919 468 2983 liumus
492 2915 677 2982 ⁵consortes
699 2933 736 2979 ac
758 2916 964 2998 condiscipuli.

402 3112 502 3176 xvttt.
549 3110 716 3193 Polycarpi
740 3128 856 3189 corpus
879 3109 1079 3181 comburitur.
1124 3112 1295 3195 Reliquiae.

372 3234 485 3298 Videns
519 3241 618 3296 autem
651 3226 815 3296 ⁶ccnturio
846 3252 863 3295 a
893 3232 1016 3296 Judacis
1052 3243 1147 3299 ortam
1180 3237 1412 3316 contentionem,

276 3355 395 3421 corpus
418 3340 448 3402 in
471 3338 569 3402 medio
601 3338 679 3420 ignis
710 3338 838 3418 positum
867 3339 992 3400 exussit.
1038 3338 1138 3420 Atque
1166 3341 1206 3402 ita
1228 3357 1284 3403 nos
1307 3348 1412 3423 postea

277 3462 355 3508 ossa
385 3444 463 3508 illius
492 3443 617 3527 gemmis
646 3442 869 3524 pretiosissimis
901 3444 1098 3524 exquisitiora
1130 3452 1160 3508 et
1187 3463 1280 3529 super
1301 3424 1412 3509 ¹aurum

276 3550 456 3633 probatiora
479 3548 634 3626 tollentes,
658 3547 707 3609 ubi
730 3546 871 3627 decebat,
903 3547 1105 3629 deposuimus.
1150 3548 1217 3624 Ouo
1241 3552 1328 3614 etiam
1351 3550 1412 3612 loci

276 3654 387 3732 nobis,
417 3659 450 3717 ut
477 3655 542 3717 lieri
573 3653 698 3734 poterit,
729 3652 759 3716 in
790 3652 990 3716 exsultatione
1021 3659 1051 3715 et
1073 3652 1183 3737 gaudio
1208 3654 1416 3738 congregatis,

277 3758 428 3822 Dominus
451 3759 622 3840 praebebit,
653 3756 778 3819 natalem
801 3759 934 3838 martyrii
958 3759 1023 3839 ejus
1046 3756 1124 3820 diem
1147 3759 1319 3837 celebrare,
1351 3763 1411 3820 tum

315 3967 346 4034 4)
364 3964 524 4019 Perentbesis
549 3967 596 4018 ista
621 3979 705 4033 neque
729 3964 754 4016 io
773 3962 829 4015 Eu·
891 3964 921 4029 5)
947 3963 984 4015 lta
1010 3962 1170 4015 lseobsonus
1199 3979 1215 4014 e
1243 3962 1301 4015 cod.
1329 3960 1408 4013 Paris.

274 4053 354 4110 sebio
366 4053 483 4118 babetur,
497 4069 580 4123 neque
593 4054 617 4104 in
631 4051 732 4116 Rufino,
745 4067 829 4119 neque
858 4050 930 4116 Vulg.
949 4047 1082 4105 κοινωνούς.

275 4143 421 4194 in.vetere
447 4148 534 4192 nostro
555 4138 704 4206 interprete·
736 4143 829 4191 Ussra.
892 4138 921 4201 6)
941 4135 1028 4189 Codex
1052 4135 1161 4188 vindob.
1187 4151 1279 4188 uocem
1304 4129 1409 4184 ἑκατόν-

274 4226 435 4295 interpolata
459 4226 538 4279 fuisse
564 4226 664 4278 videtur
688 4242 702 4277 a
726 4225 829 4279 librario
856 4243 945 4290 ταρχος
961 4240 1012 4275 nou
1031 4225 1154 4292 agnoscit.
1181 4227 1326 4274 Jscousor.
1411 4217 1416 4231 ¹

274 4315 410 4386 quopiam,
423 4310 828 4382 quiiunuimcbebebatll’etr.
892 4312 922 4376 t)
947 4311 1086 4363 Articulum
1114 4326 1128 4362 e
1156 4310 1245 4363 codice
1272 4308 1408 4362 Vindobo-

275 4401 306 4471 ³,
327 4401 370 4454 te.
398 4405 542 4455 Jucosror.
856 4399 930 4450 aeusi
948 4398 1057 4451 restituit
1074 4397 1241 4452 Jacobsouus.

1128 4483 1168 4525 to
1180 4487 1200 4524 θ
