3659 5209
574 542 695 599 mmm
711 541 871 598 nrrsroun
889 543 935 598 no
954 543 1148 600 nnonnsros.
1167 546 1207 601 un
1225 546 1256 603 x.
1414 514 1474 618 ist

672 704 721 768 ΙΧ.
770 704 913 768 Vivumus
937 725 1004 767 eum
1030 706 1165 770 Christo.

441 797 475 873 81
497 808 597 890 igitur,
620 809 669 890 qui
692 810 722 871 in
748 807 867 871 ¹veteri
890 828 990 873 rerum
1011 811 1117 873 ordine
1133 810 1291 895 degerunt,
1314 813 1475 878 ad'novum

316 901 321 906 ⁸
347 928 438 994 spem
462 920 682 1001 pervenerunt,
713 928 774 975 non
798 913 921 995 emplius
949 915 1101 977 sabbatum
1130 917 1279 996 colentes,
1310 920 1363 981 sed
1389 922 1476 1002 juxte

349 1014 555 1080 ’dominicam
577 1017 724 1095 viventes,
747 1018 776 1080 in
799 1036 856 1098 que
881 1024 911 1080 et
927 1020 985 1081 vita
1001 1027 1104 1083 nostra
1121 1028 1227 1083 exortu
1243 1028 1289 1084 est
1310 1024 1476 1104 peripsum

349 1129 385 1185 et
407 1128 533 1183 mortem
554 1122 647 1205 ipsius
671 1119 778 1205 (quum
801 1122 920 1203 quidum
950 1131 1078 1207 negent,
1109 1143 1164 1205 per
1194 1125 1274 1206 quod
1303 1128 1475 1209 mysterium

348 1225 443 1288 iidem
465 1226 644 1306 accepimus,
668 1231 698 1288 et
719 1233 842 1308 propter
865 1226 923 1289 hoe
945 1222 1136 1306 sustinemus,
1158 1234 1192 1291 ut
1209 1229 1395 1292 inveniamur
1410 1231 1476 1293 dis-

348 1328 442 1412 cipuli
475 1329 549 1391 Jesu
587 1328 710 1409 Christi,
749 1330 842 1397 solius
878 1321 1013 1396 doctoris
1055 1329 1190 1416 nostri),
1228 1332 1379 1414 quomodo
1418 1351 1475 1396 nos

347 1433 516 1516 poterimus
539 1434 642 1497 vivere
663 1435 729 1497 sine
751 1436 827 1516 ipso,
852 1454 940 1517 quem
963 1437 1049 1498 etiem
1069 1436 1243 1517 prophetae,
1267 1455 1356 1517 quum
1373 1444 1476 1500 essent

301 1606 305 1611 ,
347 1539 458 1620 spiritu
481 1537 616 1619 discipuli
640 1540 722 1620 ejus,
755 1545 788 1602 ut
816 1524 971 1603 duetorem
1004 1541 1242 1621 exspectabant?
1286 1538 1322 1601 Et
1351 1548 1476 1622 propter

347 1643 412 1705 hoo
434 1643 470 1720 is,
494 1659 582 1722 quem
601 1643 682 1725 juste
704 1645 975 1724 praestolabuntur,
1001 1644 1165 1708 adveniens
1189 1641 1369 1707 ³suscituvit
1392 1645 1474 1726 ipsos

348 1765 393 1810 ex
419 1748 552 1810 mortuis.
861 1760 864 1765 ’

724 1940 761 2003 Χ.
807 1941 911 2004 Nolite
929 1940 1108 2021 judaizare.

439 2057 525 2122 Absit
547 2076 622 2144 ergo
645 2079 662 2123 a
686 2061 788 2141 nobis,
819 2059 907 2125 ⁴non
932 2063 1047 2147 moveri
1081 2061 1261 2143 benignitate
1291 2064 1368 2146 ejus.
1407 2061 1428 2110 -⁶
1442 2063 1474 2129 Si

347 2165 432 2253 enim
455 2159 536 2226 ⁶nos
559 2165 688 2227 imitetur
710 2165 873 2229 seeundum
897 2185 950 2244 eu,
974 2183 1050 2247 quae
1073 2157 1215 2243 iacimus,
1240 2166 1300 2247 jam
1323 2168 1473 2254 periimus.

345 2271 525 2351 Propterea,
549 2267 684 2350 discipuli
708 2271 773 2351 ejus
797 2270 905 2350 effecti,
929 2270 1076 2333 discamus
1099 2269 1262 2332 seeundum
1279 2270 1472 2334 Christianis-

347 2393 432 2437 mum
455 2373 567 2435 vivere.
614 2373 670 2446 Oui
693 2373 770 2435 enim
793 2374 851 2437 alio
874 2376 994 2439 nomine
1012 2381 1137 2437 vocetur
1154 2381 1274 2456 praeter
1297 2368 1386 2452 ⁷huo‚
1410 2393 1471 2437 non

348 2486 399 2544 est
421 2477 486 2540 Dei.
531 2472 687 2558 ⁸Abjicite
717 2477 806 2558 igitur
835 2481 943 2542 maium
974 2479 1165 2558 fermentum,
1196 2474 1418 2541 ⁹inveteratum
1442 2476 1491 2541 et'

348 2584 487 2663 acimum,
510 2588 540 2644 et
562 2583 793 2646 transmutumini
816 2585 845 2647 in
868 2604 979 2648 novum
1003 2585 1188 2662 fermentum,
1212 2581 1292 2663 quod
1316 2588 1361 2644 est
1382 2583 1471 2645 Jesus

348 2688 496 2753 Christus.
541 2685 689 2752 Saliamini
712 2687 741 2749 in
765 2688 840 2769 ipso,
863 2695 894 2750 ut
917 2707 977 2751 non
994 2695 1200 2769 corrumpatur
1215 2687 1319 2768 aliquis
1340 2687 1470 2765 euobis

349 2794 491 2876 quonium
506 2792 541 2856 ub
560 2786 686 2855 ¹⁰od0re
701 2793 929 2875 redarguemini.
952 2792 1120 2883 Absurdum
1136 2800 1191 2871 est,
1209 2791 1354 2854 Christum
1366 2790 1470 2854 desum

355 2896 514 2980 ¹¹proiuri,
536 2904 566 2961 et
578 2897 740 2980 judaizare.
780 2895 806 2935 ¹²
818 2897 1058 2973 Christianismus
1075 2898 1151 2960 enim
1168 2915 1228 2959 non
1244 2897 1273 2958 in
1289 2895 1471 2958 Juduismum

349 3001 495 3082 credidit,
524 3001 578 3065 sed
600 3000 769 3065 Juduismus
791 3003 820 3065 in
845 3002 1113 3080 Christianismum,
1148 2998 1172 3039 ¹³
1187 3007 1216 3062 et
1239 3017 1343 3063 omnes
1369 2999 1470 3081 quiin

349 3125 420 3172 eum
444 3105 577 3186 credunt,
601 3105 637 3170 ud
662 3107 756 3181 Deum
780 3109 955 3192 congregati
978 3115 1055 3171 sunt.

346 3248 493 3302 nobiseum
526 3254 620 3318 090001.
664 3245 768 3296 Vossius
799 3251 825 3297 et
857 3245 899 3296 ulii
945 3245 989 3309 10)
1009 3244 1053 3296 mr.
1071 3241 1155 3311 ὁρμῆς,
1182 3243 1256 3295 mule.
1293 3239 1472 3307 conjecturum

347 3332 445 3385 molunt
463 3329 590 3397 τιμήσεται.
625 3330 718 3383 Mosei:
738 3330 899 3398 τιμωρήσεται.
926 3332 1023 3397 vossii,
1050 3346 1123 3400 quarn
1148 3346 1235 3383 omnes
1253 3337 1421 3397 receperunt,
1447 3329 1471 3380 in

349 3417 441 3472 Codex
452 3419 615 3488 Nydprugck.
636 3421 730 3485 (textus
742 3417 898 3486 interpolati)
925 3428 1019 3481 textum
1038 3419 1135 3471 admisi.

348 3507 430 3559 hebet
447 3504 593 3570 μωμήσηται.
771 3518 774 3524 ’
813 3536 817 3542 ·
943 3507 989 3575 11)
1008 3506 1102 3559 ItaMs.
1121 3505 1306 3556 Εάἰῑίτκαλεῖν.
1327 3507 1470 3554 Jsoossorr.

385 3592 416 3655 7)
434 3593 454 3644 I.
479 3610 502 3645 0.
533 3596 578 3663 qui
604 3611 657 3647 uon
688 3591 897 3659 Christianismi,
944 3594 988 3651 12)
1005 3593 1023 3645 Ι.
1037 3609 1061 3645 0.
1075 3593 1177 3647 Christi
1194 3594 1306 3646 aduentu
1321 3607 1373 3642 uun
1386 3593 1470 3644 etri·-

349 3683 399 3735 eei
417 3681 538 3734 haeresis
557 3682 698 3746 eujusdam
716 3697 809 3733 nomen
826 3685 886 3750 fert.
925 3683 1007 3736 atiani
1033 3682 1205 3735 dudaismum
1229 3670 1403 3752 receperunt,
1425 3678 1473 3729 ud

385 3766 416 3831 8)
436 3766 492 3819 vet.
511 3765 557 3818 ¹¹¹¹·
577 3769 695 3836 1111011116
712 3787 746 3816 ·-·
764 3762 898 3827 dudm&
919 3771 1024 3823 'dudnei
1045 3769 1079 3820 ad
1097 3766 1332 3820 Christianismum
1355 3779 1385 3815 00
1403 3778 1470 3815 eon-

350 3854 421 3924 quod
453 3853 532 3905 hebet
560 3850 757 3926 interpoletur.»
789 3852 841 3904 Sed
877 3854 899 3904 si
924 3862 1066 3910 verterunt.

348 3930 470 3996 Nulteum
499 3940 528 4007 (1.
547 3957 568 3992 0.
588 3957 613 4008 p.
634 3939 697 4008 231)
730 3940 818 3991 nudius
848 3954 899 3992 non
943 3939 987 4006 13)
1008 3938 1070 3991 Cum
1100 3936 1230 3988 Bunsenio
1261 3928 1289 4001 (1.
1308 3940 1344 3986 0.Ι
1361 3951 1387 4000 p.
1409 3932 1470 3998 132)

349 4037 389 4081 est
407 4028 476 4098 quod
494 4035 630 4090 mutemus3
649 4042 705 4079 uam
724 4023 900 4094 ὑπερτίθεσθαι
925 4029 1032 4096 legimus
1050 4018 1082 4093 ᾧ,
1109 4023 1171 4078 Cod.
1191 4020 1322 4074 Mediceus
1340 4020 1417 4071 habet
1433 4017 1471 4080 αἶς,
1498 4040 1502 4047 ·

347 4113 394 4182 τήν
410 4112 487 4182 ἄκραν
505 4121 544 4167 est
561 4135 596 4165 =
614 4132 743 4184 superare
754 4124 897 4183 praemon-
925 4116 996 4182 cujus
1024 4130 1099 4167 cause
1125 4110 1282 4164 Jacobsoous
1308 4107 1417 4175 συνήχθη
1443 4109 1470 4158 in
1492 4098 1495 4105 ’

348 4198 463 4269 mum,
485 4217 557 4271 -ergo
586 4199 724 4270 ὖπίρθεσθε
749 4200 795 4266 τῆν
813 4199 899 4277 ’κακήν
925 4203 1029 4254 formum
1050 4198 1211 4267 Conjnnctivi
1236 4199 1347 4261 συναχθῇ
1373 4204 1470 4248 mutere

348 4292 427 4360 cimon
438 4288 610 4361 :superate
626 4293 724 4346 mutum
736 4295 898 4360 fermerttum.
925 4288 1012 4342 voluit.
1048 4286 1099 4338 Cir.
1118 4285 1225 4352 Philipp.
1244 4284 1269 4348 2,
1286 4283 1330 4334 11.

355 4381 415 4450 ae)
432 4378 446 4431 1
464 4375 522 4430 eor.
542 4379 567 4444 s,
586 4377 611 4429 r.
1299 4395 1304 4404 ·
1449 4381 1452 4387 ·
1476 4412 1588 4662 r
