<?xml version="1.0" encoding="UTF-8"?>
<!DOCTYPE html PUBLIC "-//W3C//DTD XHTML 1.0 Transitional//EN"
    "http://www.w3.org/TR/xhtml1/DTD/xhtml1-transitional.dtd">
<html xmlns="http://www.w3.org/1999/xhtml" xml:lang="en" lang="en">
 <head>
  <title>
</title>
<meta http-equiv="Content-Type" content="text/html;charset=utf-8" />
  <meta name='ocr-system' content='tesseract 3.04.00' />
  <meta name='ocr-capabilities' content='ocr_page ocr_carea ocr_par ocr_line ocrx_word'/>
</head>
<body>
  <div class='ocr_page' id='page_1' title='image "./patrumapostolic00hefegoog_0081.png"; bbox 0 0 3659 5209; ppageno 0'>
   <div class='ocr_carea' id='block_1_1' title="bbox 345 541 1478 629">
    <p class='ocr_par' dir='ltr' id='par_1_1' title="bbox 345 541 1478 629">
     <span class='ocr_line' id='line_1_1' title="bbox 345 541 1478 629; baseline 0 -28"><span class='ocrx_word' id='word_1_1' title='bbox 345 547 374 601; x_wconf 80' lang='lat' dir='ltr'>S.</span> <span class='ocrx_word' id='word_1_2' title='bbox 392 543 603 613; x_wconf 70' lang='lat' dir='ltr'>toarcensi]</span> <span class='ocrx_word' id='word_1_3' title='bbox 784 541 1040 629; x_wconf 74' lang='lat' dir='ltr'>PROLEGOMENA.</span> <span class='ocrx_word' id='word_1_4' title='bbox 1378 546 1478 601; x_wconf 80' lang='lat' dir='ltr'>uxxlx</span> 
     </span>
    </p>
   </div>
   <div class='ocr_carea' id='block_1_2' title="bbox 337 682 1483 3942">
    <p class='ocr_par' dir='ltr' id='par_1_2' title="bbox 344 682 1481 1737">
     <span class='ocr_line' id='line_1_2' title="bbox 439 682 1478 792; baseline -0.001 -21"><span class='ocrx_word' id='word_1_5' title='bbox 439 707 584 787; x_wconf 77' lang='lat' dir='ltr'>,Constat</span> <span class='ocrx_word' id='word_1_6' title='bbox 612 709 729 784; x_wconf 85' lang='lat' dir='ltr'>itaque,</span> <span class='ocrx_word' id='word_1_7' title='bbox 760 707 835 768; x_wconf 88' lang='lat' dir='ltr'>hane</span> <span class='ocrx_word' id='word_1_8' title='bbox 867 704 1021 785; x_wconf 89' lang='lat' dir='ltr'>epistotam</span> <span class='ocrx_word' id='word_1_9' title='bbox 1053 724 1113 770; x_wconf 91' lang='lat' dir='ltr'>nun</span> <span class='ocrx_word' id='word_1_10' title='bbox 1142 682 1246 786; x_wconf 84' lang='lat' dir='ltr'>atium,</span> <span class='ocrx_word' id='word_1_11' title='bbox 1275 728 1360 791; x_wconf 91' lang='lat' dir='ltr'>quam</span> <span class='ocrx_word' id='word_1_12' title='bbox 1383 708 1478 792; x_wconf 80' lang='lat' dir='ltr'>Paty-</span> 
     </span>
     <span class='ocr_line' id='line_1_3' title="bbox 347 808 1477 895; baseline 0.002 -20"><span class='ocrx_word' id='word_1_13' title='bbox 347 832 472 895; x_wconf 79' lang='lat' dir='ltr'><strong>carpum</strong></span> <span class='ocrx_word' id='word_1_14' title='bbox 494 814 634 876; x_wconf 87' lang='lat' dir='ltr'>habaisse</span> <span class='ocrx_word' id='word_1_15' title='bbox 656 820 817 877; x_wconf 88' lang='lat' dir='ltr'>auctorem.</span> <span class='ocrx_word' id='word_1_16' title='bbox 863 808 1013 878; x_wconf 89' lang='lat' dir='ltr'>Mirandus</span> <span class='ocrx_word' id='word_1_17' title='bbox 1037 830 1111 893; x_wconf 78' lang='lat' dir='ltr'>ergo</span> <span class='ocrx_word' id='word_1_18' title='bbox 1130 812 1275 888; x_wconf 87' lang='lat' dir='ltr'>Dattaeus,</span> <span class='ocrx_word' id='word_1_19' title='bbox 1300 814 1348 895; x_wconf 84' lang='lat' dir='ltr'>qui</span> <span class='ocrx_word' id='word_1_20' title='bbox 1372 832 1477 877; x_wconf 90' lang='lat' dir='ltr'>omnes</span> 
     </span>
     <span class='ocr_line' id='line_1_4' title="bbox 348 915 1477 1001; baseline 0.004 -23"><span class='ocrx_word' id='word_1_21' title='bbox 348 918 467 999; x_wconf 82' lang='lat' dir='ltr'>ingenii</span> <span class='ocrx_word' id='word_1_22' title='bbox 488 919 533 980; x_wconf 92' lang='lat' dir='ltr'>sui</span> <span class='ocrx_word' id='word_1_23' title='bbox 554 920 635 981; x_wconf 87' lang='lat' dir='ltr'>vires</span> <span class='ocrx_word' id='word_1_24' title='bbox 661 936 697 980; x_wconf 89' lang='lat' dir='ltr'>eo</span> <span class='ocrx_word' id='word_1_25' title='bbox 722 915 855 994; x_wconf 88' lang='lat' dir='ltr'>intendit,</span> <span class='ocrx_word' id='word_1_26' title='bbox 878 922 910 977; x_wconf 88' lang='lat' dir='ltr'>ut</span> <span class='ocrx_word' id='word_1_27' title='bbox 930 916 1057 996; x_wconf 76' lang='lat' dir='ltr'>aliquam</span> <span class='ocrx_word' id='word_1_28' title='bbox 1072 918 1196 1001; x_wconf 82' lang='lat' dir='ltr'>hujusce</span> <span class='ocrx_word' id='word_1_29' title='bbox 1214 920 1366 1000; x_wconf 88' lang='lat' dir='ltr'>epistotae,</span> <span class='ocrx_word' id='word_1_30' title='bbox 1390 939 1477 1000; x_wconf 90' lang='lat' dir='ltr'>qnam</span> 
     </span>
     <span class='ocr_line' id='line_1_5' title="bbox 351 1020 1477 1104; baseline 0.004 -21"><span class='ocrx_word' id='word_1_31' title='bbox 351 1021 439 1085; x_wconf 86' lang='lat' dir='ltr'>falsis</span> <span class='ocrx_word' id='word_1_32' title='bbox 461 1024 647 1104; x_wconf 87' lang='lat' dir='ltr'>opinionibus</span> <span class='ocrx_word' id='word_1_33' title='bbox 670 1024 733 1085; x_wconf 90' lang='lat' dir='ltr'>suis</span> <span class='ocrx_word' id='word_1_34' title='bbox 756 1040 814 1084; x_wconf 93' lang='lat' dir='ltr'>non</span> <span class='ocrx_word' id='word_1_35' title='bbox 840 1020 944 1082; x_wconf 84' lang='lat' dir='ltr'>favere</span> <span class='ocrx_word' id='word_1_36' title='bbox 970 1023 1135 1101; x_wconf 89' lang='lat' dir='ltr'>sentiebat,</span> <span class='ocrx_word' id='word_1_37' title='bbox 1170 1024 1398 1102; x_wconf 78' lang='lat' dir='ltr'>dubitationem,</span> <span class='ocrx_word' id='word_1_38' title='bbox 1429 1025 1477 1088; x_wconf 87' lang='lat' dir='ltr'>vel</span> 
     </span>
     <span class='ocr_line' id='line_1_6' title="bbox 352 1125 1478 1219; baseline 0.003 -31"><span class='ocrx_word' id='word_1_39' title='bbox 352 1127 457 1192; x_wconf 87' lang='lat' dir='ltr'>saltem</span> <span class='ocrx_word' id='word_1_40' title='bbox 472 1129 670 1210; x_wconf 85' lang='lat' dir='ltr'>suspicionem</span> <span class='ocrx_word' id='word_1_41' title='bbox 688 1144 876 1210; x_wconf 86' lang='lat' dir='ltr'>quocumque</span> <span class='ocrx_word' id='word_1_42' title='bbox 893 1125 1011 1188; x_wconf 90' lang='lat' dir='ltr'>taudem</span> <span class='ocrx_word' id='word_1_43' title='bbox 1027 1127 1115 1189; x_wconf 91' lang='lat' dir='ltr'>modo</span> <span class='ocrx_word' id='word_1_44' title='bbox 1132 1129 1251 1219; x_wconf 66' lang='lat' dir='ltr'>injiqp&#39;at.</span> <span class='ocrx_word' id='word_1_45' title='bbox 1294 1127 1381 1190; x_wconf 90' lang='lat' dir='ltr'>Nutto</span> <span class='ocrx_word' id='word_1_46' title='bbox 1401 1131 1478 1191; x_wconf 89' lang='lat' dir='ltr'>enim</span> 
     </span>
     <span class='ocr_line' id='line_1_7' title="bbox 350 1231 1478 1315; baseline 0 -22"><span class='ocrx_word' id='word_1_47' title='bbox 350 1233 411 1293; x_wconf 87' lang='lat' dir='ltr'>alio</span> <span class='ocrx_word' id='word_1_48' title='bbox 439 1233 475 1295; x_wconf 91' lang='lat' dir='ltr'>ad</span> <span class='ocrx_word' id='word_1_49' title='bbox 506 1233 535 1297; x_wconf 93' lang='lat' dir='ltr'>id</span> <span class='ocrx_word' id='word_1_50' title='bbox 567 1233 751 1315; x_wconf 91' lang='lat' dir='ltr'>probandum</span> <span class='ocrx_word' id='word_1_51' title='bbox 781 1233 882 1292; x_wconf 90' lang='lat' dir='ltr'>nititur</span> <span class='ocrx_word' id='word_1_52' title='bbox 910 1231 1110 1308; x_wconf 77' lang='lat' dir='ltr'>himeraeum,</span> <span class='ocrx_word' id='word_1_53' title='bbox 1145 1252 1232 1314; x_wconf 86' lang='lat' dir='ltr'>quam</span> <span class='ocrx_word' id='word_1_54' title='bbox 1264 1234 1478 1311; x_wconf 88' lang='lat' dir='ltr'>Sticbometria‚</span> 
     </span>
     <span class='ocr_line' id='line_1_8' title="bbox 349 1335 1479 1420; baseline -0.002 -20"><span class='ocrx_word' id='word_1_55' title='bbox 349 1338 480 1418; x_wconf 90' lang='lat' dir='ltr'>quaein</span> <span class='ocrx_word' id='word_1_56' title='bbox 505 1338 587 1400; x_wconf 86' lang='lat' dir='ltr'>ealce</span> <span class='ocrx_word' id='word_1_57' title='bbox 611 1336 875 1418; x_wconf 76' lang='lat' dir='ltr'>chronographiae</span> <span class='ocrx_word' id='word_1_58' title='bbox 897 1335 1058 1417; x_wconf 86' lang='lat' dir='ltr'>Nicephori</span> <span class='ocrx_word' id='word_1_59' title='bbox 1079 1336 1396 1420; x_wconf 88' lang='lat' dir='ltr'>Constantinopolitani</span> <span class='ocrx_word' id='word_1_60' title='bbox 1421 1338 1479 1399; x_wconf 90' lang='lat' dir='ltr'>ad-</span> 
     </span>
     <span class='ocr_line' id='line_1_9' title="bbox 344 1439 1480 1525; baseline 0 -21"><span class='ocrx_word' id='word_1_61' title='bbox 344 1445 428 1525; x_wconf 85' lang='lat' dir='ltr'>jecta</span> <span class='ocrx_word' id='word_1_62' title='bbox 452 1444 517 1504; x_wconf 85' lang='lat' dir='ltr'>est“</span> <span class='ocrx_word' id='word_1_63' title='bbox 538 1439 579 1525; x_wconf 85' lang='lat'>¹).</span> <span class='ocrx_word' id='word_1_64' title='bbox 625 1442 688 1504; x_wconf 93' lang='lat' dir='ltr'>Hoc</span> <span class='ocrx_word' id='word_1_65' title='bbox 711 1448 808 1504; x_wconf 83' lang='lat' dir='ltr'>auteur</span> <span class='ocrx_word' id='word_1_66' title='bbox 832 1440 1028 1525; x_wconf 71' lang='lat' dir='ltr'>fragmentum</span> <span class='ocrx_word' id='word_1_67' title='bbox 1051 1461 1068 1504; x_wconf 91' lang='lat' dir='ltr'>a</span> <span class='ocrx_word' id='word_1_68' title='bbox 1091 1443 1263 1524; x_wconf 84' lang='lat' dir='ltr'>Nicephoro</span> <span class='ocrx_word' id='word_1_69' title='bbox 1291 1463 1480 1525; x_wconf 83' lang='lat' dir='ltr'>nequaquam</span> 
     </span>
     <span class='ocr_line' id='line_1_10' title="bbox 347 1547 1481 1628; baseline 0.002 -19"><span class='ocrx_word' id='word_1_70' title='bbox 347 1549 492 1628; x_wconf 90' lang='lat' dir='ltr'>scriptum</span> <span class='ocrx_word' id='word_1_71' title='bbox 526 1547 637 1626; x_wconf 82' lang='lat' dir='ltr'>fuisse,</span> <span class='ocrx_word' id='word_1_72' title='bbox 672 1550 760 1628; x_wconf 88' lang='lat' dir='ltr'>eique</span> <span class='ocrx_word' id='word_1_73' title='bbox 796 1565 953 1628; x_wconf 84' lang='lat' dir='ltr'>perperam</span> <span class='ocrx_word' id='word_1_74' title='bbox 984 1565 1000 1608; x_wconf 89' lang='lat' dir='ltr'>a</span> <span class='ocrx_word' id='word_1_75' title='bbox 1028 1547 1150 1610; x_wconf 88' lang='lat' dir='ltr'>Dattaeo</span> <span class='ocrx_word' id='word_1_76' title='bbox 1182 1548 1329 1626; x_wconf 85' lang='lat' dir='ltr'>adscribi,</span> <span class='ocrx_word' id='word_1_77' title='bbox 1363 1549 1481 1611; x_wconf 88' lang='lat' dir='ltr'>invictis</span> 
     </span>
     <span class='ocr_line' id='line_1_11' title="bbox 348 1651 1351 1737; baseline -0.001 -22"><span class='ocrx_word' id='word_1_78' title='bbox 348 1654 499 1715; x_wconf 89' lang='lat' dir='ltr'>rationum</span> <span class='ocrx_word' id='word_1_79' title='bbox 523 1654 679 1714; x_wconf 90' lang='lat' dir='ltr'>momentis</span> <span class='ocrx_word' id='word_1_80' title='bbox 704 1653 870 1729; x_wconf 83' lang='lat' dir='ltr'>docueruut</span> <span class='ocrx_word' id='word_1_81' title='bbox 893 1651 1040 1714; x_wconf 91' lang='lat' dir='ltr'>Nourrius</span> <span class='ocrx_word' id='word_1_82' title='bbox 1063 1661 1092 1714; x_wconf 90' lang='lat' dir='ltr'>et</span> <span class='ocrx_word' id='word_1_83' title='bbox 1115 1653 1292 1716; x_wconf 87' lang='lat' dir='ltr'>Pearsonius</span> <span class='ocrx_word' id='word_1_84' title='bbox 1310 1651 1351 1737; x_wconf 65' lang='lat'>⁹).</span> 
     </span>
    </p>

    <p class='ocr_par' dir='ltr' id='par_1_3' title="bbox 347 1746 1483 2981">
     <span class='ocr_line' id='line_1_12' title="bbox 437 1746 1479 1840; baseline 0.002 -21"><span class='ocrx_word' id='word_1_85' title='bbox 437 1746 597 1825; x_wconf 79' lang='lat' dir='ltr'>Praeterea</span> <span class='ocrx_word' id='word_1_86' title='bbox 620 1757 765 1819; x_wconf 91' lang='lat' dir='ltr'>Nourrius</span> <span class='ocrx_word' id='word_1_87' title='bbox 796 1756 914 1838; x_wconf 86' lang='lat' dir='ltr'>adjicit,</span> <span class='ocrx_word' id='word_1_88' title='bbox 950 1759 1143 1838; x_wconf 86' lang='lat' dir='ltr'>„opinionem</span> <span class='ocrx_word' id='word_1_89' title='bbox 1169 1759 1281 1823; x_wconf 87' lang='lat' dir='ltr'>Daliaei</span> <span class='ocrx_word' id='word_1_90' title='bbox 1312 1760 1375 1820; x_wconf 90' lang='lat' dir='ltr'>suis</span> <span class='ocrx_word' id='word_1_91' title='bbox 1407 1759 1479 1840; x_wconf 91' lang='lat' dir='ltr'>ipsis</span> 
     </span>
     <span class='ocr_line' id='line_1_13' title="bbox 349 1862 1480 1945; baseline -0.001 -20"><span class='ocrx_word' id='word_1_92' title='bbox 349 1862 515 1941; x_wconf 87' lang='lat' dir='ltr'>sodalibus,</span> <span class='ocrx_word' id='word_1_93' title='bbox 539 1863 735 1945; x_wconf 84' lang='lat' dir='ltr'>ejusdemque</span> <span class='ocrx_word' id='word_1_94' title='bbox 757 1868 858 1923; x_wconf 87' lang='lat' dir='ltr'>sectae</span> <span class='ocrx_word' id='word_1_95' title='bbox 882 1862 954 1922; x_wconf 90' lang='lat' dir='ltr'>viris</span> <span class='ocrx_word' id='word_1_96' title='bbox 978 1881 993 1922; x_wconf 91' lang='lat' dir='ltr'>a</span> <span class='ocrx_word' id='word_1_97' title='bbox 1019 1882 1092 1923; x_wconf 87' lang='lat' dir='ltr'>vero</span> <span class='ocrx_word' id='word_1_98' title='bbox 1114 1865 1151 1926; x_wconf 91' lang='lat' dir='ltr'>ita</span> <span class='ocrx_word' id='word_1_99' title='bbox 1173 1864 1298 1925; x_wconf 85' lang='lat' dir='ltr'>alienam</span> <span class='ocrx_word' id='word_1_100' title='bbox 1321 1863 1425 1939; x_wconf 83' lang='lat' dir='ltr'>rideri,</span> <span class='ocrx_word' id='word_1_101' title='bbox 1449 1868 1480 1925; x_wconf 89' lang='lat' dir='ltr'>ut</span> 
     </span>
     <span class='ocr_line' id='line_1_14' title="bbox 349 1964 1479 2050; baseline 0.002 -20"><span class='ocrx_word' id='word_1_102' title='bbox 349 1969 489 2049; x_wconf 80' lang='lat' dir='ltr'>Mnynius</span> <span class='ocrx_word' id='word_1_103' title='bbox 502 1964 534 2050; x_wconf 82' lang='lat'>³)</span> <span class='ocrx_word' id='word_1_104' title='bbox 552 1969 640 2029; x_wconf 84' lang='lat' dir='ltr'>daea</span> <span class='ocrx_word' id='word_1_105' title='bbox 657 1968 700 2027; x_wconf 88' lang='lat' dir='ltr'>sie</span> <span class='ocrx_word' id='word_1_106' title='bbox 717 1971 820 2046; x_wconf 89' lang='lat' dir='ltr'>aperte</span> <span class='ocrx_word' id='word_1_107' title='bbox 835 1967 1030 2045; x_wconf 77' lang='lat' dir='ltr'>pronunciet:</span> <span class='ocrx_word' id='word_1_108' title='bbox 1055 1966 1225 2047; x_wconf 87' lang='lat' dir='ltr'>Numquam</span> <span class='ocrx_word' id='word_1_109' title='bbox 1238 1971 1329 2046; x_wconf 81' lang='lat' dir='ltr'>potui</span> <span class='ocrx_word' id='word_1_110' title='bbox 1344 1968 1479 2049; x_wconf 75' lang='lat' dir='ltr'>pedibus</span> 
     </span>
     <span class='ocr_line' id='line_1_15' title="bbox 348 2069 1480 2157; baseline -0.001 -19"><span class='ocrx_word' id='word_1_111' title='bbox 348 2094 409 2138; x_wconf 83' lang='lat' dir='ltr'>uec</span> <span class='ocrx_word' id='word_1_112' title='bbox 437 2074 543 2134; x_wconf 88' lang='lat' dir='ltr'>animo</span> <span class='ocrx_word' id='word_1_113' title='bbox 574 2073 621 2132; x_wconf 84' lang='lat' dir='ltr'>ire</span> <span class='ocrx_word' id='word_1_114' title='bbox 651 2073 685 2132; x_wconf 87' lang='lat' dir='ltr'>in</span> <span class='ocrx_word' id='word_1_115' title='bbox 716 2070 902 2132; x_wconf 87' lang='lat' dir='ltr'>sententium</span> <span class='ocrx_word' id='word_1_116' title='bbox 934 2069 1122 2157; x_wconf 72' lang='lat' dir='ltr'>celeberrimi</span> <span class='ocrx_word' id='word_1_117' title='bbox 1144 2073 1287 2150; x_wconf 84' lang='lat' dir='ltr'>Dattoei,</span> <span class='ocrx_word' id='word_1_118' title='bbox 1321 2075 1480 2152; x_wconf 84' lang='lat' dir='ltr'>qui-banc</span> 
     </span>
     <span class='ocr_line' id='line_1_16' title="bbox 349 2174 1480 2268; baseline 0.001 -29"><span class='ocrx_word' id='word_1_119' title='bbox 349 2177 521 2257; x_wconf 76' lang='lat' dir='ltr'>Potqoorpi</span> <span class='ocrx_word' id='word_1_120' title='bbox 551 2176 714 2253; x_wconf 85' lang='lat' dir='ltr'>epistolem</span> <span class='ocrx_word' id='word_1_121' title='bbox 746 2182 807 2234; x_wconf 90' lang='lat' dir='ltr'>tom</span> <span class='ocrx_word' id='word_1_122' title='bbox 837 2174 1003 2252; x_wconf 85' lang='lat' dir='ltr'>celebrem,</span> <span class='ocrx_word' id='word_1_123' title='bbox 1020 2195 1079 2268; x_wconf 48' lang='lat' dir='ltr'>0uc</span> <span class='ocrx_word' id='word_1_124' title='bbox 1108 2176 1220 2256; x_wconf 84' lang='lat' dir='ltr'>ubique</span> <span class='ocrx_word' id='word_1_125' title='bbox 1251 2188 1404 2239; x_wconf 83' lang='lat' dir='ltr'>terrerum</span> <span class='ocrx_word' id='word_1_126' title='bbox 1433 2181 1480 2242; x_wconf 86' lang='lat' dir='ltr'>ita</span> 
     </span>
     <span class='ocr_line' id='line_1_17' title="bbox 347 2281 1481 2364; baseline 0.003 -23"><span class='ocrx_word' id='word_1_127' title='bbox 347 2282 580 2364; x_wconf 82' lang='lat' dir='ltr'>praedicatam,</span> <span class='ocrx_word' id='word_1_128' title='bbox 604 2288 779 2357; x_wconf 83' lang='lat' dir='ltr'>suspectum</span> <span class='ocrx_word' id='word_1_129' title='bbox 801 2281 934 2350; x_wconf 82' lang='lat' dir='ltr'>reddere</span> <span class='ocrx_word' id='word_1_130' title='bbox 959 2287 1090 2350; x_wconf 86' lang='lat' dir='ltr'>conatus</span> <span class='ocrx_word' id='word_1_131' title='bbox 1112 2289 1159 2342; x_wconf 88' lang='lat' dir='ltr'>est</span> <span class='ocrx_word' id='word_1_132' title='bbox 1174 2329 1180 2343; x_wconf 92' lang='lat'>.</span> <span class='ocrx_word' id='word_1_133' title='bbox 1198 2327 1229 2343; x_wconf 92' lang='lat'>..</span> <span class='ocrx_word' id='word_1_134' title='bbox 1273 2282 1378 2362; x_wconf 86' lang='lat' dir='ltr'>Neque</span> <span class='ocrx_word' id='word_1_135' title='bbox 1401 2285 1481 2344; x_wconf 86' lang='lat' dir='ltr'>enim</span> 
     </span>
     <span class='ocr_line' id='line_1_18' title="bbox 349 2384 1480 2464; baseline 0 -16"><span class='ocrx_word' id='word_1_136' title='bbox 349 2387 458 2461; x_wconf 82' lang='lat' dir='ltr'>video,</span> <span class='ocrx_word' id='word_1_137' title='bbox 483 2386 637 2464; x_wconf 88' lang='lat' dir='ltr'>quomodo</span> <span class='ocrx_word' id='word_1_138' title='bbox 654 2403 732 2462; x_wconf 83' lang='lat' dir='ltr'>opus</span> <span class='ocrx_word' id='word_1_139' title='bbox 748 2392 875 2461; x_wconf 86' lang='lat' dir='ltr'>tentum,</span> <span class='ocrx_word' id='word_1_140' title='bbox 900 2384 1040 2448; x_wconf 86' lang='lat' dir='ltr'>omnibus</span> <span class='ocrx_word' id='word_1_141' title='bbox 1057 2388 1102 2448; x_wconf 88' lang='lat' dir='ltr'>itu</span> <span class='ocrx_word' id='word_1_142' title='bbox 1118 2396 1234 2464; x_wconf 88' lang='lat' dir='ltr'>notum,</span> <span class='ocrx_word' id='word_1_143' title='bbox 1258 2388 1307 2447; x_wconf 87' lang='lat' dir='ltr'>oet</span> <span class='ocrx_word' id='word_1_144' title='bbox 1324 2389 1480 2448; x_wconf 77' lang='lat' dir='ltr'>uiinimom</span> 
     </span>
     <span class='ocr_line' id='line_1_19' title="bbox 350 2490 1483 2573; baseline -0.001 -20"><span class='ocrx_word' id='word_1_145' title='bbox 350 2493 392 2553; x_wconf 89' lang='lat' dir='ltr'>de</span> <span class='ocrx_word' id='word_1_146' title='bbox 426 2511 460 2553; x_wconf 89' lang='lat' dir='ltr'>se</span> <span class='ocrx_word' id='word_1_147' title='bbox 487 2492 593 2570; x_wconf 82' lang='lat' dir='ltr'>possit</span> <span class='ocrx_word' id='word_1_148' title='bbox 624 2491 763 2552; x_wconf 80' lang='lat' dir='ltr'>eccitore</span> <span class='ocrx_word' id='word_1_149' title='bbox 797 2491 1015 2571; x_wconf 79' lang='lat' dir='ltr'>suspicionem.</span> <span class='ocrx_word' id='word_1_150' title='bbox 1071 2490 1197 2552; x_wconf 83' lang='lat' dir='ltr'>Nullum</span> <span class='ocrx_word' id='word_1_151' title='bbox 1228 2492 1342 2573; x_wconf 84' lang='lat' dir='ltr'>quippe</span> <span class='ocrx_word' id='word_1_152' title='bbox 1377 2498 1483 2552; x_wconf 76' lang='lat' dir='ltr'>exstat</span> 
     </span>
     <span class='ocr_line' id='line_1_20' title="bbox 351 2597 1480 2677; baseline -0.001 -19"><span class='ocrx_word' id='word_1_153' title='bbox 351 2615 452 2674; x_wconf 83' lang='lat' dir='ltr'>opus,</span> <span class='ocrx_word' id='word_1_154' title='bbox 492 2598 579 2672; x_wconf 75' lang='lat' dir='ltr'>cuius</span> <span class='ocrx_word' id='word_1_155' title='bbox 614 2597 751 2658; x_wconf 84' lang='lat' dir='ltr'>certiore</span> <span class='ocrx_word' id='word_1_156' title='bbox 785 2597 1074 2658; x_wconf 81' lang='lat' dir='ltr'>animadvertuntur</span> <span class='ocrx_word' id='word_1_157' title='bbox 1108 2598 1252 2658; x_wconf 83' lang='lat' dir='ltr'>ueritatis</span> <span class='ocrx_word' id='word_1_158' title='bbox 1287 2606 1480 2677; x_wconf 71' lang='lat' dir='ltr'>or&#39;qumento,</span> 
     </span>
     <span class='ocr_line' id='line_1_21' title="bbox 352 2701 1480 2782; baseline 0.001 -21"><span class='ocrx_word' id='word_1_159' title='bbox 352 2721 448 2781; x_wconf 88' lang='lat' dir='ltr'>quum</span> <span class='ocrx_word' id='word_1_160' title='bbox 472 2702 605 2779; x_wconf 83' lang='lat' dir='ltr'>epistola</span> <span class='ocrx_word' id='word_1_161' title='bbox 627 2703 669 2762; x_wconf 86' lang='lat' dir='ltr'>od</span> <span class='ocrx_word' id='word_1_162' title='bbox 691 2702 927 2782; x_wconf 84' lang='lat' dir='ltr'>Philippenses;</span> <span class='ocrx_word' id='word_1_163' title='bbox 950 2720 987 2763; x_wconf 87' lang='lat' dir='ltr'>ac</span> <span class='ocrx_word' id='word_1_164' title='bbox 1009 2703 1039 2762; x_wconf 86' lang='lat' dir='ltr'>si</span> <span class='ocrx_word' id='word_1_165' title='bbox 1062 2703 1101 2764; x_wconf 89' lang='lat' dir='ltr'>de</span> <span class='ocrx_word' id='word_1_166' title='bbox 1124 2702 1181 2763; x_wconf 78' lang='lat' dir='ltr'>tito</span> <span class='ocrx_word' id='word_1_167' title='bbox 1203 2701 1342 2764; x_wconf 81' lang='lat' dir='ltr'>dubitari</span> <span class='ocrx_word' id='word_1_168' title='bbox 1362 2702 1480 2777; x_wconf 83' lang='lat' dir='ltr'>liceret,</span> 
     </span>
     <span class='ocr_line' id='line_1_22' title="bbox 351 2807 1481 2891; baseline 0.004 -24"><span class='ocrx_word' id='word_1_169' title='bbox 351 2807 472 2867; x_wconf 86' lang='lat' dir='ltr'>nullum</span> <span class='ocrx_word' id='word_1_170' title='bbox 495 2812 576 2868; x_wconf 81' lang='lat' dir='ltr'>esset</span> <span class='ocrx_word' id='word_1_171' title='bbox 599 2807 797 2885; x_wconf 75' lang='lat' dir='ltr'>antiquitatis</span> <span class='ocrx_word' id='word_1_172' title='bbox 820 2817 1065 2885; x_wconf 83' lang='lat' dir='ltr'>monumentum,</span> <span class='ocrx_word' id='word_1_173' title='bbox 1095 2811 1186 2888; x_wconf 83' lang='lat' dir='ltr'>cujus</span> <span class='ocrx_word' id='word_1_174' title='bbox 1210 2810 1291 2889; x_wconf 80' lang='lat' dir='ltr'>fides</span> <span class='ocrx_word' id='word_1_175' title='bbox 1315 2810 1415 2891; x_wconf 67' lang='lat' dir='ltr'>etiam⁴</span> <span class='ocrx_word' id='word_1_176' title='bbox 1430 2809 1481 2871; x_wconf 87' lang='lat' dir='ltr'>in·</span> 
     </span>
     <span class='ocr_line' id='line_1_23' title="bbox 353 2896 1328 2981; baseline 0.008 -8"><span class='ocrx_word' id='word_1_177' title='bbox 353 2920 442 2973; x_wconf 88' lang='lat' dir='ltr'>certo</span> <span class='ocrx_word' id='word_1_178' title='bbox 466 2930 505 2972; x_wconf 89' lang='lat' dir='ltr'>uc</span> <span class='ocrx_word' id='word_1_179' title='bbox 526 2911 622 2972; x_wconf 84' lang='lat' dir='ltr'>dubio</span> <span class='ocrx_word' id='word_1_180' title='bbox 644 2932 708 2974; x_wconf 86' lang='lat' dir='ltr'>non</span> <span class='ocrx_word' id='word_1_181' title='bbox 730 2912 930 2976; x_wconf 83' lang='lat' dir='ltr'>labasceret.“</span> <span class='ocrx_word' id='word_1_182' title='bbox 1025 2896 1028 2902; x_wconf 33' lang='lat'><strong>¹</strong></span> <span class='ocrx_word' id='word_1_183' title='bbox 1325 2974 1328 2981; x_wconf 91' lang='lat'>.</span> 
     </span>
    </p>

    <p class='ocr_par' dir='ltr' id='par_1_4' title="bbox 337 3015 1481 3942">
     <span class='ocr_line' id='line_1_24' title="bbox 441 3015 1481 3101; baseline 0.003 -24"><span class='ocrx_word' id='word_1_184' title='bbox 441 3016 566 3078; x_wconf 88' lang='lat' dir='ltr'>Praeter-</span> <span class='ocrx_word' id='word_1_185' title='bbox 594 3015 753 3079; x_wconf 88' lang='lat' dir='ltr'>Nuurrium</span> <span class='ocrx_word' id='word_1_186' title='bbox 785 3019 964 3081; x_wconf 85' lang='lat' dir='ltr'>authentiam</span> <span class='ocrx_word' id='word_1_187' title='bbox 997 3020 1140 3101; x_wconf 85' lang='lat' dir='ltr'>epistotae</span> <span class='ocrx_word' id='word_1_188' title='bbox 1172 3019 1200 3084; x_wconf 89' lang='lat' dir='ltr'>S.</span> <span class='ocrx_word' id='word_1_189' title='bbox 1231 3019 1388 3101; x_wconf 80' lang='lat' dir='ltr'>Polycarpi</span> <span class='ocrx_word' id='word_1_190' title='bbox 1422 3018 1481 3080; x_wconf 90' lang='lat' dir='ltr'>de·</span> 
     </span>
     <span class='ocr_line' id='line_1_25' title="bbox 353 3119 1478 3208; baseline -0.001 -22"><span class='ocrx_word' id='word_1_191' title='bbox 353 3120 516 3186; x_wconf 80' lang='lat' dir='ltr'>tenderunt</span> <span class='ocrx_word' id='word_1_192' title='bbox 546 3121 694 3193; x_wconf 76' lang='lat' dir='ltr'>Peurson.</span> <span class='ocrx_word' id='word_1_193' title='bbox 726 3119 839 3186; x_wconf 84' lang='lat' dir='ltr'>Vindio.</span> <span class='ocrx_word' id='word_1_194' title='bbox 863 3125 955 3208; x_wconf 86' lang='lat' dir='ltr'>ignat.</span> <span class='ocrx_word' id='word_1_195' title='bbox 986 3125 1015 3186; x_wconf 89' lang='lat' dir='ltr'>P.</span> <span class='ocrx_word' id='word_1_196' title='bbox 1039 3125 1073 3187; x_wconf 88' lang='lat' dir='ltr'>lt.</span> <span class='ocrx_word' id='word_1_197' title='bbox 1101 3142 1164 3204; x_wconf 88' lang='lat' dir='ltr'>cup.</span> <span class='ocrx_word' id='word_1_198' title='bbox 1190 3124 1214 3185; x_wconf 89' lang='lat' dir='ltr'>V</span> <span class='ocrx_word' id='word_1_199' title='bbox 1245 3123 1322 3205; x_wconf 90' lang='lat' dir='ltr'>apud</span> <span class='ocrx_word' id='word_1_200' title='bbox 1348 3122 1478 3186; x_wconf 77' lang='lat' dir='ltr'>CoteIer.</span> 
     </span>
     <span class='ocr_line' id='line_1_26' title="bbox 355 3227 1478 3312; baseline 0 -22"><span class='ocrx_word' id='word_1_201' title='bbox 355 3227 477 3311; x_wconf 84' lang='lat' dir='ltr'>(Patres</span> <span class='ocrx_word' id='word_1_202' title='bbox 502 3233 596 3307; x_wconf 89' lang='lat' dir='ltr'>apost.</span> <span class='ocrx_word' id='word_1_203' title='bbox 620 3227 652 3289; x_wconf 88' lang='lat' dir='ltr'>T.</span> <span class='ocrx_word' id='word_1_204' title='bbox 669 3227 704 3288; x_wconf 93' lang='lat' dir='ltr'>ll.</span> <span class='ocrx_word' id='word_1_205' title='bbox 726 3229 803 3292; x_wconf 90' lang='lat' dir='ltr'>Sect.</span> <span class='ocrx_word' id='word_1_206' title='bbox 820 3230 852 3292; x_wconf 88' lang='lat' dir='ltr'>lt.</span> <span class='ocrx_word' id='word_1_207' title='bbox 876 3249 903 3310; x_wconf 90' lang='lat' dir='ltr'>p.</span> <span class='ocrx_word' id='word_1_208' title='bbox 927 3227 990 3293; x_wconf 89' lang='grc'>300</span> <span class='ocrx_word' id='word_1_209' title='bbox 1006 3229 1110 3312; x_wconf 82' lang='lat' dir='ltr'>sqq),</span> <span class='ocrx_word' id='word_1_210' title='bbox 1134 3231 1291 3293; x_wconf 85' lang='lat' dir='ltr'>Mosheim.</span> <span class='ocrx_word' id='word_1_211' title='bbox 1316 3227 1478 3291; x_wconf 82' lang='lat' dir='ltr'>Comrnent.</span> 
     </span>
     <span class='ocr_line' id='line_1_27' title="bbox 354 3331 1478 3414; baseline -0.002 -19"><span class='ocrx_word' id='word_1_212' title='bbox 354 3335 393 3395; x_wconf 87' lang='lat' dir='ltr'>de</span> <span class='ocrx_word' id='word_1_213' title='bbox 421 3333 483 3394; x_wconf 89' lang='lat' dir='ltr'>reb.</span> <span class='ocrx_word' id='word_1_214' title='bbox 507 3331 612 3395; x_wconf 81' lang='lat' dir='ltr'>Christ.</span> <span class='ocrx_word' id='word_1_215' title='bbox 644 3351 671 3414; x_wconf 92' lang='lat' dir='ltr'>p.</span> <span class='ocrx_word' id='word_1_216' title='bbox 697 3331 776 3413; x_wconf 80' lang='lat'>162,</span> <span class='ocrx_word' id='word_1_217' title='bbox 815 3336 993 3413; x_wconf 84' lang='lat' dir='ltr'>Tittemout,</span> <span class='ocrx_word' id='word_1_218' title='bbox 1025 3336 1185 3398; x_wconf 77' lang='lat' dir='ltr'>Mernoires</span> <span class='ocrx_word' id='word_1_219' title='bbox 1208 3334 1248 3412; x_wconf 88' lang='lat' dir='ltr'>tl,</span> <span class='ocrx_word' id='word_1_220' title='bbox 1279 3332 1360 3411; x_wconf 77' lang='lat'>327,</span> <span class='ocrx_word' id='word_1_221' title='bbox 1395 3333 1478 3413; x_wconf 80' lang='lat' dir='ltr'>ittiq,</span> 
     </span>
     <span class='ocr_line' id='line_1_28' title="bbox 354 3436 1479 3521; baseline 0.001 -22"><span class='ocrx_word' id='word_1_222' title='bbox 354 3437 428 3505; x_wconf 90' lang='lat' dir='ltr'>diss.</span> <span class='ocrx_word' id='word_1_223' title='bbox 452 3436 490 3499; x_wconf 89' lang='lat' dir='ltr'>de</span> <span class='ocrx_word' id='word_1_224' title='bbox 512 3437 729 3500; x_wconf 88' lang='lat' dir='ltr'>haeresiarchis</span> <span class='ocrx_word' id='word_1_225' title='bbox 753 3442 936 3521; x_wconf 88' lang='lat' dir='ltr'>apostolieae</span> <span class='ocrx_word' id='word_1_226' title='bbox 957 3437 1189 3521; x_wconf 69' lang='lat' dir='ltr'>aethiopiae</span> <span class='ocrx_word' id='word_1_227' title='bbox 1213 3441 1287 3501; x_wconf 88' lang='lat' dir='ltr'>etin</span> <span class='ocrx_word' id='word_1_228' title='bbox 1305 3438 1479 3519; x_wconf 87' lang='lat' dir='ltr'>Appendiee</span> 
     </span>
     <span class='ocr_line' id='line_1_29' title="bbox 352 3541 1481 3628; baseline 0 -24"><span class='ocrx_word' id='word_1_229' title='bbox 352 3542 391 3604; x_wconf 92' lang='lat' dir='ltr'>ad</span> <span class='ocrx_word' id='word_1_230' title='bbox 424 3541 801 3626; x_wconf 45' lang='lat' dir='ltr'>dissdefHaeresiarchis</span> <span class='ocrx_word' id='word_1_231' title='bbox 832 3566 859 3628; x_wconf 91' lang='lat' dir='ltr'>p.</span> <span class='ocrx_word' id='word_1_232' title='bbox 878 3546 926 3612; x_wconf 73' lang='lat'>¹75</span> <span class='ocrx_word' id='word_1_233' title='bbox 949 3565 1009 3628; x_wconf 82' lang='lat' dir='ltr'>sq,</span> <span class='ocrx_word' id='word_1_234' title='bbox 1043 3543 1165 3619; x_wconf 74' lang='lat' dir='ltr'>bilche,</span> <span class='ocrx_word' id='word_1_235' title='bbox 1196 3543 1382 3614; x_wconf 79' lang='lat' dir='ltr'>commentar</span> <span class='ocrx_word' id='word_1_236' title='bbox 1407 3544 1481 3604; x_wconf 84' lang='lat' dir='ltr'>tiber</span> 
     </span>
     <span class='ocr_line' id='line_1_30' title="bbox 354 3645 1478 3733; baseline 0.004 -26"><span class='ocrx_word' id='word_1_237' title='bbox 354 3645 404 3708; x_wconf 88' lang='lat' dir='ltr'>die</span> <span class='ocrx_word' id='word_1_238' title='bbox 435 3646 534 3709; x_wconf 84' lang='lat' dir='ltr'>Briefe</span> <span class='ocrx_word' id='word_1_239' title='bbox 565 3646 622 3711; x_wconf 91' lang='lat' dir='ltr'>des·</span> <span class='ocrx_word' id='word_1_240' title='bbox 649 3650 762 3733; x_wconf 83' lang='lat' dir='ltr'>Evang.</span> <span class='ocrx_word' id='word_1_241' title='bbox 794 3651 948 3715; x_wconf 80' lang='lat' dir='ltr'>iohannes</span> <span class='ocrx_word' id='word_1_242' title='bbox 980 3671 1006 3732; x_wconf 93' lang='lat' dir='ltr'>p.</span> <span class='ocrx_word' id='word_1_243' title='bbox 1031 3649 1060 3713; x_wconf 88' lang='lat'>3.</span> <span class='ocrx_word' id='word_1_244' title='bbox 1089 3646 1127 3726; x_wconf 73' lang='lat' dir='ltr'>d,</span> <span class='ocrx_word' id='word_1_245' title='bbox 1162 3648 1297 3724; x_wconf 82' lang='lat' dir='ltr'>Mdhter,</span> <span class='ocrx_word' id='word_1_246' title='bbox 1331 3648 1478 3732; x_wconf 83' lang='lat' dir='ltr'>Patrotog.</span> 
     </span>
     <span class='ocr_line' id='line_1_31' title="bbox 337 3745 1481 3836; baseline 0.003 -27"><span class='ocrx_word' id='word_1_247' title='bbox 337 3749 388 3810; x_wconf 83' lang='lat' dir='ltr'>·T.</span> <span class='ocrx_word' id='word_1_248' title='bbox 405 3748 425 3810; x_wconf 87' lang='grc' dir='ltr'>Ι.</span> <span class='ocrx_word' id='word_1_249' title='bbox 442 3769 469 3829; x_wconf 91' lang='lat' dir='ltr'>p.</span> <span class='ocrx_word' id='word_1_250' title='bbox 489 3749 723 3827; x_wconf 79' lang='lat' dir='ltr'>155-163‚·et</span> <span class='ocrx_word' id='word_1_251' title='bbox 746 3757 916 3836; x_wconf 88' lang='lat' dir='ltr'>nuperrime</span> <span class='ocrx_word' id='word_1_252' title='bbox 934 3756 1073 3818; x_wconf 85' lang='lat' dir='ltr'>Uhthorn</span> <span class='ocrx_word' id='word_1_253' title='bbox 1093 3755 1123 3817; x_wconf 93' lang='lat' dir='ltr'>in</span> <span class='ocrx_word' id='word_1_254' title='bbox 1143 3745 1291 3830; x_wconf 84' lang='lat' dir='ltr'>Nieduer,</span> <span class='ocrx_word' id='word_1_255' title='bbox 1314 3751 1481 3816; x_wconf 80' lang='lat' dir='ltr'>Zeitschriit</span> 
     </span>
     <span class='ocr_line' id='line_1_32' title="bbox 354 3852 1065 3942; baseline 0.008 -28"><span class='ocrx_word' id='word_1_256' title='bbox 354 3852 404 3915; x_wconf 80' lang='lat' dir='ltr'>hir</span> <span class='ocrx_word' id='word_1_257' title='bbox 427 3854 528 3916; x_wconf 89' lang='lat' dir='ltr'>histor.</span> <span class='ocrx_word' id='word_1_258' title='bbox 554 3855 719 3940; x_wconf 78' lang='lat' dir='ltr'>aneorogre</span> <span class='ocrx_word' id='word_1_259' title='bbox 746 3856 836 3924; x_wconf 82' lang='lat'>1851.</span> <span class='ocrx_word' id='word_1_260' title='bbox 862 3881 888 3942; x_wconf 95' lang='lat' dir='ltr'>p.</span> <span class='ocrx_word' id='word_1_261' title='bbox 913 3858 975 3925; x_wconf 78' lang='lat'>276</span> <span class='ocrx_word' id='word_1_262' title='bbox 1000 3878 1065 3940; x_wconf 88' lang='lat' dir='ltr'>sqq.</span> 
     </span>
    </p>
   </div>
   <div class='ocr_carea' id='block_1_3' title="bbox 352 3969 1481 4394">
    <p class='ocr_par' dir='ltr' id='par_1_5' title="bbox 352 3969 1481 4219">
     <span class='ocr_line' id='line_1_33' title="bbox 392 3969 1480 4045; baseline -0.003 -22"><span class='ocrx_word' id='word_1_263' title='bbox 392 3969 420 4038; x_wconf 86' lang='lat'>1)</span> <span class='ocrx_word' id='word_1_264' title='bbox 434 3971 554 4042; x_wconf 84' lang='lat' dir='ltr'>Quisquis</span> <span class='ocrx_word' id='word_1_265' title='bbox 565 3975 904 4043; x_wconf 77' lang='lat' dir='ltr'>auctorsitStichometriae,</span> <span class='ocrx_word' id='word_1_266' title='bbox 916 4038 918 4043; x_wconf 25' lang='lat'><strong><em>¹</em></strong></span> <span class='ocrx_word' id='word_1_267' title='bbox 931 3978 1076 4030; x_wconf 82' lang='lat' dir='ltr'>affirmatur.</span> <span class='ocrx_word' id='word_1_268' title='bbox 1112 3976 1134 4030; x_wconf 84' lang='grc' dir='ltr'><strong>Ε</strong></span> <span class='ocrx_word' id='word_1_269' title='bbox 1154 3986 1273 4030; x_wconf 86' lang='lat' dir='ltr'>contextu</span> <span class='ocrx_word' id='word_1_270' title='bbox 1297 3979 1381 4045; x_wconf 90' lang='lat' dir='ltr'>potius</span> <span class='ocrx_word' id='word_1_271' title='bbox 1399 3978 1480 4041; x_wconf 83' lang='lat' dir='ltr'>putet,</span> 
     </span>
     <span class='ocr_line' id='line_1_34' title="bbox 352 4049 1481 4133; baseline 0.002 -23"><span class='ocrx_word' id='word_1_272' title='bbox 352 4059 628 4127; x_wconf 85' lang='lat' dir='ltr'>iltenoupronantiat,</span> <span class='ocrx_word' id='word_1_273' title='bbox 648 4052 997 4133; x_wconf 71' lang='lat' dir='ltr'>Epistolassdgna-iduos</span> <span class='ocrx_word' id='word_1_274' title='bbox 1027 4065 1074 4117; x_wconf 90' lang='lat' dir='ltr'>bos</span> <span class='ocrx_word' id='word_1_275' title='bbox 1106 4063 1193 4117; x_wconf 88' lang='lat' dir='ltr'>Patres</span> <span class='ocrx_word' id='word_1_276' title='bbox 1224 4081 1238 4116; x_wconf 88' lang='lat' dir='ltr'>a</span> <span class='ocrx_word' id='word_1_277' title='bbox 1270 4080 1368 4117; x_wconf 85' lang='lat' dir='ltr'>canone</span> <span class='ocrx_word' id='word_1_278' title='bbox 1398 4049 1481 4111; x_wconf 69' lang='lat' dir='ltr'>sotutti</span> 
     </span>
     <span class='ocr_line' id='line_1_35' title="bbox 352 4146 1232 4219; baseline 0.009 -23"><span class='ocrx_word' id='word_1_279' title='bbox 352 4148 383 4197; x_wconf 90' lang='lat' dir='ltr'>tii</span> <span class='ocrx_word' id='word_1_280' title='bbox 414 4154 440 4196; x_wconf 84' lang='lat' dir='ltr'>et</span> <span class='ocrx_word' id='word_1_281' title='bbox 470 4146 602 4214; x_wconf 79' lang='lat' dir='ltr'>Polycarpi</span> <span class='ocrx_word' id='word_1_282' title='bbox 633 4164 690 4200; x_wconf 87' lang='lat' dir='ltr'>esso</span> <span class='ocrx_word' id='word_1_283' title='bbox 720 4153 903 4217; x_wconf 83' lang='lat' dir='ltr'>supposititias.</span> <span class='ocrx_word' id='word_1_284' title='bbox 932 4151 956 4203; x_wconf 90' lang='lat' dir='ltr'>S.</span> <span class='ocrx_word' id='word_1_285' title='bbox 977 4151 1123 4219; x_wconf 80' lang='lat' dir='ltr'>scripturae</span> <span class='ocrx_word' id='word_1_286' title='bbox 1142 4154 1232 4204; x_wconf 82' lang='lat' dir='ltr'>areeri.</span> 
     </span>
    </p>

    <p class='ocr_par' dir='ltr' id='par_1_6' title="bbox 352 4227 1481 4394">
     <span class='ocr_line' id='line_1_36' title="bbox 352 4227 1481 4307; baseline 0.001 -24"><span class='ocrx_word' id='word_1_287' title='bbox 352 4232 428 4284; x_wconf 87' lang='lat' dir='ltr'>Nuda</span> <span class='ocrx_word' id='word_1_288' title='bbox 454 4236 519 4285; x_wconf 87' lang='lat' dir='ltr'>enim</span> <span class='ocrx_word' id='word_1_289' title='bbox 545 4234 585 4285; x_wconf 87' lang='lat' dir='ltr'>hie</span> <span class='ocrx_word' id='word_1_290' title='bbox 609 4235 699 4302; x_wconf 79' lang='lat' dir='ltr'>ignatii</span> <span class='ocrx_word' id='word_1_291' title='bbox 725 4243 751 4286; x_wconf 85' lang='lat' dir='ltr'>et</span> <span class='ocrx_word' id='word_1_292' title='bbox 769 4234 904 4306; x_wconf 77' lang='lat' dir='ltr'>Poiycarpi</span> <span class='ocrx_word' id='word_1_293' title='bbox 967 4240 996 4307; x_wconf 77' lang='lat'>2)</span> <span class='ocrx_word' id='word_1_294' title='bbox 1015 4240 1148 4290; x_wconf 79' lang='lat' dir='ltr'>vindiciae</span> <span class='ocrx_word' id='word_1_295' title='bbox 1167 4239 1313 4305; x_wconf 77' lang='lat' dir='ltr'>ignatianae</span> <span class='ocrx_word' id='word_1_296' title='bbox 1339 4235 1365 4286; x_wconf 91' lang='lat' dir='ltr'>P.</span> <span class='ocrx_word' id='word_1_297' title='bbox 1384 4232 1403 4283; x_wconf 89' lang='grc' dir='ltr'>Ι.</span> <span class='ocrx_word' id='word_1_298' title='bbox 1423 4227 1481 4281; x_wconf 68' lang='lat' dir='ltr'>cd</span> 
     </span>
     <span class='ocr_line' id='line_1_37' title="bbox 352 4318 1480 4394; baseline -0.004 -23"><span class='ocrx_word' id='word_1_299' title='bbox 352 4321 455 4372; x_wconf 89' lang='lat' dir='ltr'>nomina</span> <span class='ocrx_word' id='word_1_300' title='bbox 474 4328 614 4388; x_wconf 87' lang='lat' dir='ltr'>ponuntur,</span> <span class='ocrx_word' id='word_1_301' title='bbox 634 4336 718 4387; x_wconf 88' lang='lat' dir='ltr'>neque</span> <span class='ocrx_word' id='word_1_302' title='bbox 733 4322 774 4373; x_wconf 83' lang='lat' dir='ltr'>vet</span> <span class='ocrx_word' id='word_1_303' title='bbox 794 4325 826 4382; x_wconf 78' lang='lat' dir='ltr'>de</span> <span class='ocrx_word' id='word_1_304' title='bbox 845 4327 903 4392; x_wconf 87' lang='lat' dir='ltr'>opi·</span> <span class='ocrx_word' id='word_1_305' title='bbox 931 4328 999 4394; x_wconf 86' lang='lat' dir='ltr'>apud</span> <span class='ocrx_word' id='word_1_306' title='bbox 1011 4325 1122 4377; x_wconf 80' lang='lat' dir='ltr'>Cotelcr.</span> <span class='ocrx_word' id='word_1_307' title='bbox 1137 4325 1163 4375; x_wconf 87' lang='lat' dir='ltr'>T.</span> <span class='ocrx_word' id='word_1_308' title='bbox 1175 4325 1204 4374; x_wconf 87' lang='lat' dir='ltr'>ii.</span> <span class='ocrx_word' id='word_1_309' title='bbox 1219 4324 1285 4373; x_wconf 87' lang='lat' dir='ltr'>Sect.</span> <span class='ocrx_word' id='word_1_310' title='bbox 1295 4322 1324 4371; x_wconf 87' lang='lat' dir='ltr'>ii.</span> <span class='ocrx_word' id='word_1_311' title='bbox 1334 4338 1359 4386; x_wconf 92' lang='lat' dir='ltr'>p.</span> <span class='ocrx_word' id='word_1_312' title='bbox 1368 4318 1417 4368; x_wconf 80' lang='lat'>287</span> <span class='ocrx_word' id='word_1_313' title='bbox 1425 4328 1480 4383; x_wconf 83' lang='lat' dir='ltr'>sqq.</span> 
     </span>
    </p>
   </div>
   <div class='ocr_carea' id='block_1_4' title="bbox 353 4406 1367 4484">
    <p class='ocr_par' dir='ltr' id='par_1_7' title="bbox 353 4406 1367 4484">
     <span class='ocr_line' id='line_1_38' title="bbox 353 4406 1367 4484; baseline -0.002 -22"><span class='ocrx_word' id='word_1_314' title='bbox 353 4407 427 4465; x_wconf 82' lang='lat' dir='ltr'>stolis</span> <span class='ocrx_word' id='word_1_315' title='bbox 449 4406 490 4460; x_wconf 84' lang='lat' dir='ltr'>vel</span> <span class='ocrx_word' id='word_1_316' title='bbox 515 4406 548 4458; x_wconf 85' lang='lat' dir='ltr'>de</span> <span class='ocrx_word' id='word_1_317' title='bbox 572 4409 748 4477; x_wconf 84' lang='lat' dir='ltr'>suppositione</span> <span class='ocrx_word' id='word_1_318' title='bbox 768 4412 904 4484; x_wconf 83' lang='lat' dir='ltr'>quidquam</span> <span class='ocrx_word' id='word_1_319' title='bbox 967 4413 997 4483; x_wconf 84' lang='lat'>3)</span> <span class='ocrx_word' id='word_1_320' title='bbox 1015 4411 1117 4479; x_wconf 81' lang='lat' dir='ltr'>Proteq.</span> <span class='ocrx_word' id='word_1_321' title='bbox 1138 4407 1170 4460; x_wconf 80' lang='lat' dir='ltr'>ad</span> <span class='ocrx_word' id='word_1_322' title='bbox 1187 4408 1261 4460; x_wconf 74' lang='lat' dir='ltr'>Varia</span> <span class='ocrx_word' id='word_1_323' title='bbox 1280 4407 1367 4460; x_wconf 83' lang='lat' dir='ltr'>Sacra.</span> 
     </span>
    </p>
   </div>
   <div class='ocr_carea' id='block_1_5' title="bbox 0 0 1849 5209">
    <p class='ocr_par' dir='ltr' id='par_1_8' title="bbox 0 0 1849 5209">
     <span class='ocr_line' id='line_1_39' title="bbox 0 0 1849 5209; baseline 0 0"><span class='ocrx_word' id='word_1_324' title='bbox 0 0 1849 5209; x_wconf 95' lang='lat' dir='ltr'> </span> 
     </span>
    </p>
   </div>
  </div>
 </body>
</html>
