3659 5209
534 510 673 567 llElllllllll
690 512 825 569 Piston.
861 514 957 571 ttttttt
976 517 1016 572 lll,
1054 517 1178 574 stultit.
1198 520 1239 574 vt.
1259 520 1311 576 Vll.
1422 528 1485 594 397

354 670 521 755 propterea
551 690 586 737 se
616 691 730 757 poenas
759 676 827 758 pati.
873 675 1059 761 Quicumque
1091 681 1183 764 igitur
1214 700 1248 746 se
1278 683 1425 748 dulcedini
1456 692 1485 750 et
1535 681 1541 690 ’

353 780 505 862 uoluptati
529 781 577 845 lali
601 783 784 862 tradiderint,
806 785 851 847 'sic
869 786 1209 869 pantanum-quonian
1230 790 1319 852 vitam
1340 789 1484 855 trabentes
1590 860 1593 869 ,

354 885 416 967 ipsi
440 902 474 946 se
497 884 626 950 reddunt
649 888 797 966 obnoxios
820 890 938 952 morti.“

405 985 587 1075 ΙΚαὶλέγαν
602 1014 647 1076 τῳ
634 988 799 1076 ”οἷγγέλῳ
818 993 910 1058 ποῖαι
941 993 1035 1058 Ι1)ἰαί
1058 995 1103 1058 ei:
1132 1016 1228 1078 ,quae
1244 1000 1330 1077 ',sunt
1354 997 1484 1079 domine,

352 1115 464 1181 τρυφα
465 1090 736 1184 leeurdlcdepck
750 1092 908 1182 Λέγεμοι.
936 1099 1269 1181 voluptatesnoxiae?“
1284 1102 1420 1182 „Omni,“
1433 1104 1485 1165 in-'
1551 1125 1553 1128 ⁴

352 1202 453 1263 Πᾶσα
486 1196 606 1286 πράξις
643 1198 777 1288 σαρκικὴ
804 1195 909 1289 τρυφή
935 1205 1006 1284 quit,
1025 1204 1367 1287 „hominivoluptuscst
1381 1205 1483 1288 quod-

351 1299 447 1367 ἐστιν’
490 1304 574 1367 Νῦν
593 1301 695 1390 r‘de'ruc
727 1310 819 1372 ποιεῖ
853 1299 908 1371 cni-
936 1325 1061 1389 cumque
1092 1310 1220 1372 libenter
1246 1311 1322 1375 lacit.
1367 1309 1482 1373 Etenim

350 1399 420 1493 τήν.
477 1405 525 1494 [Ὀ
560 1405 636 1497 γὰρ]
674 1400 829 1490 ὀξύχολος
862 1417 909 1530 cpi
934 1412 1112 1492 iracundus,
1138 1414 1325 1477 satisfaciens
1351 1416 1482 1479 moribus

352 1507 470 1577 ἑαυτοῦ
474 1509 600 1579 πάθει
616 1512 656 1580 τό
675 1507 781 1579 ἱκανόν
802 1515 907 1580 ποιῶν
932 1518 1006 1597 ευίε,
1029 1518 1154 1600 percipit
1177 1519 1357 1602 voluptatem
1382 1537 1482 1597 suam;

352 1617 478 1735 upuppi·
490 1609 631 1700 ὁμοίως
656 1610 756 1683 καὶ
737 1642 754 1683 ο
782 1618 906 1702 μοιχός,
933 1628 964 1683 et
976 1623 1090 1686 adulter
1102 1628 1131 1684 et
1143 1623 1279 1686 ebriosus
1292 1622 1482 1687 etdetraclor

351 1708 444 1786 ναὶ
426 1743 444 1787 ο
465 1720 623 1806 μέθυσος,
653 1721 706 1787 καὶ
727 1747 744 1789 ο
736 1715 904 1790 ικατάλυε
933 1735 964 1790 et
975 1727 1103 1789 mendax
1115 1732 1145 1789 et
1156 1726 1289 1810 cupidus
1290 1735 1320 1789 et
1330 1726 1482 1793 fraudator

352 1826 418 1905 λος,
433 1825 488 1892 καὶ
502 1819 689 1915 ὁψεύσσρς,
706 1827 758 1895 καὶ
774 1854 792 1896 ο
785 1827 903 1897 ‘ntea
933 1837 963 1894 el
986 1833 1164 1912 quicumque
1193 1832 1230 1894 iis
1255 1832 1350 1895 simile
1372 1832 1480 1913 aliquid

351 1927 471 2018 νέκτρς,
492 1924 581 1999 καὶὸ
604 1928 830 2022 ἀποστερριής,
853 1933 905 2001 καὶ
933 1934 1065 2014 admittit,
1081 1931 1203 1998 morbo
1203 1954 1258 1998 suo
1270 1954 1390 2019 pareus,
1405 1956 1481 2019 per·

352 2032 416 2103 ὅσα
436 2040 587 2103 τοιαῦτα·
605 2047 773 2127 1τρυριῶσι·
789 2037 848 2128 γαρ
862 2037 904 2104 -ἐν
932 2040 1002 2119 cipit
1025 2057 1065 2100 ex
1081 2057 1116 2101 ea
1132 2057 1167 2100 re
1176 2039 1371 2119 uoluptatem.
1419 2041 1481 2105 ilae

350 2147 391 2229 τῇ
422 2132 523 2206 αὐτῶν
556 2133 679 2229 πράξει.
730 2130 837 2210 Adron
867 2143 904 2209 δὲ
932 2164 1036 2209 omnes
1059 2145 1230 2208 dulcedines
1254 2165 1289 2209 ac
1313 2148 1480 2233 voluptates

351 2243 386 2311 cei
407 2238 540 2335 πράξεις
559 2246 718 2336 βλαβεραὶ
746 2245 811 2313 εἰσι
831 2252 903 2324 τοῖς
931 2251 1041 2313 unxiae
1058 2256 1127 2315 sunt
1142 2251 1240 2312 servis
1256 2250 1321 2313 Dei.
1355 2249 1480 2331 Propter

351 2349 479 2426 δούλοις
497 2353 556 2416 τοῦ
573 2353 665 2417 Θεοῦ.
703 2349 771 2418 Εἰσὶ
795 2350 832 2418 δὲ
852 2350 903 2418 καὶ
930 2353 984 2416 has
1000 2354 1098 2436 itaque
1115 2355 1292 2432 cruciantur,
1313 2360 1343 2416 et
1358 2355 1479 2434 patiun-

349 2454 469 2545 τρυφαὶ
490 2447 649 2536 σώζουσαι
677 2455 754 2533 σούς
776 2447 902 2545 οἷνθρώ-
931 2465 979 2520 tur
994 2477 1115 2540 poenas.
1147 2457 1222 2522 Sunt
1237 2460 1323 2521 etiam
1338 2459 1478 2539 volupia-

349 2564 442 2645 πουςι
472 2559 622 2628 Πολλοὶ*
637 2555 697 2649 γαρ
721 2555 832 2647 ἀγαθοὶ
851 2558 901 2647 ἐρ-
931 2569 985 2641 tes,
996 2563 1120 2627 salutem
1130 2563 1296 2627 hominibus
1307 2561 1476 2626 afferentes.
1562 2626 1565 2631 .

348 2662 515 2752 γαζόμενοι
534 2672 712 2755 τρυφῶσιν·
740 2660 820 2752 αὕτη
845 2655 901 2732 οὖν
929 2666 1015 2729 lllulti
1033 2668 1128 2746 enirn,
1151 2678 1244 2748 opera
1265 2668 1404 2731 bonitatis
1427 2667 1476 2730 ia'-

347 2761 368 2858 r}
389 2767 497 2858 ’τρυφνί
515 2773 590 2855 τοῖς
599 2761 726 2847 δούλοις
741 2777 800 2836 τοῦ
817 2774 903 2837 Θεοῦ
926 2772 1061 2850 cientes,
1090 2763 1257 2853 percipiunt
1285 2771 1476 2865 voluptatem,

346 2879 572 2962 περιποιεῖται
593 2870 682 2961 ζωνν,
704 2897 738 2940 αι
729 2872 798 2939 ‘dt
819 2897 900 2964 προ-
929 2874 1085 2938 dulcedine
1100 2892 1154 2939 sua
1170 2876 1263 2938 tracti.
1304 2875 1384 2938 Haec
1400 2893 1476 2957 ergo

344 2977 510 3108 εῑρρμέναι
529 2975 653 3068 ’τρυφαὶ
672 2969 826 3072 βασανον.Ι
928 2981 1074 3060 voluptas
1087 2980 1166 3042 utilis
1182 2986 1228 3042 est
1243 2981 1339 3042 servis
1354 2980 1421 3058 Dei,
1446 2985 1476 3042 et

927 3084 1015 3146 vitam
1037 3089 1122 3164 parat
1150 3083 1317 3166 hujusmodi
1343 3083 1475 3147 homiui·

731 3200 743 3217 '·
835 3244 839 3250 .
926 3189 991 3252 bus.
1024 3188 1107 3251 lllae
1135 3206 1211 3251 vern
1239 3189 1386 3267 noxiae,
1398 3206 1478 3275 quae

778 3318 784 3329 ·
827 3304 867 3345 '·
924 3311 1016 3374 supra
1038 3290 1134 3355 dictae
1157 3298 1243 3371 sunt,
1275 3298 1424 3373 tormenta
1445 3298 1475 3355 et
1595 3312 1598 3319 ·

924 3410 1038 3478 poenas
1059 3397 1185 3478 pariunt.
1243 3446 1249 3467 ‚

345 3501 541 3584 Quicumque.
558 3522 632 3568 vero
654 3502 902 3586 permanserint
894 3501 1019 3579 millis,
1049 3500 1323 3570 necadmissorum
1347 3473 1473 3565 suorum

345 3608 468 3689 egerint
489 3606 710 3726 poenitentiam,
733 3616 859 3673 mertem
881 3609 939 3673 sibi
962 3607 1167 3728 acquirent.“
1204 3681 1219 3691 ,Ι
1244 3659 1247 3667 ,

732 3758 953 3953 Similitudo
980 3816 1045 3898 tlt.
1133 3776 1140 3831 Ἰ
1199 3872 1212 3884 »

354 3990 624 4056 poenitentibus
645 3989 812 4071 faciendos
835 3994 903 4055 es'se
920 3930 1136 4072 poenitentiae
1158 3946 1272 4072 diqnoe
1291 3987 1425 4081 fructur

345 4128 349 4141 ¹
430 4114 506 4177 Post
521 4113 585 4176 dues
601 4130 713 4195 paucos
730 4111 817 4177 viden
834 4113 939 4175 ullum
930 4132 960 4175 rn
977 4131 1014 4174 eo
1033 4130 1146 4193 campo,
1169 4112 1205 4176 in
1223 4126 1282 4194 qun
1305 4107 1469 4191 lpastores
1517 4095 1520 4102 ’

343 4219 413 4285 illos
430 4224 498 4281 ante
514 4217 656 4313 videram,
680 4224 710 4280 et
725 4219 764 4283 ait
779 4218 865 4280 mihi:
891 4194 982 4300 „quid
997 4215 1166 4297 inquiris‘l“
1198 4216 1323 4296 ,Veni‚“
1341 4214 1469 4296 inquam,

383 4354 411 4424 t)
429 4353 468 4407 Ex
485 4358 614 4411 Doctrina
632 4358 666 4412 ad
683 4357 801 4410 Antiati.
819 4353 836 4407 l.
857 4369 879 4407 c.
904 4349 909 4423 Ι
954 4354 983 4419 2)
1002 4350 1068 4406 Vide
1086 4351 1165 4406 simil.
1184 4350 1227 4407 vt
1245 4368 1268 4406 c.
1287 4352 1322 4405 t..

1441 4530 1578 4646 :P
