3659 5209
346 565 376 621 8.
394 564 546 634 tauhun]
785 561 1045 618 PROLEGOBBNA.
1394 569 1482 626 xtvtt

346 740 467 808 gracco
491 723 689 787 Bibliothecae
712 725 908 808 augustanae
932 725 1043 806 primus
1067 727 1197 791 omnium
1224 728 1371 812 Dilliugae
1396 728 1479 796 1557

351 832 446 895 edidit
478 831 639 893 Valentius
668 830 850 912 Hartunpus
873 831 969 907 Bria,
1000 849 1055 893 seu
1084 833 1243 909 Pacaeus,
1276 836 1394 898 nomine
1425 854 1480 919 pro

354 937 426 999 aevi
457 918 672 999 cousuetudine
706 936 866 1000 immutato.
921 936 1049 998 Easdem
1085 937 1126 1001 12
1161 938 1302 1019 epistolas
1334 939 1480 1004 Andreas

360 1043 515 1104 Gesuerus
529 1058 641 1123 graece
657 1047 687 1104 et
702 1041 793 1103 latine
817 1037 1002 1124 (interprete
1018 1042 1135 1105 Joanue
1150 1039 1326 1126 Bruunero)
1343 1061 1361 1104 e
1377 1040 1480 1107 codice

353 1145 554 1208 Bibliothecae
584 1147 620 1208 V.
653 1146 685 1210 C.
715 1145 838 1228 Gaspari
869 1166 885 1208 a
917 1146 1096 1229 Nydpryclr,
1129 1148 1232 1229 Tiguri
1268 1145 1350 1211 1559
1383 1148 1481 1210 edidit
1604 1126 1606 1141 ¹

352 1253 452 1329 Quum
471 1252 574 1314 Pacaei
599 1253 690 1316 editio
714 1255 809 1334 ipsum
833 1252 948 1331 lateret,
973 1253 1126 1315 Gesnerus
1148 1253 1274 1333 primum
1300 1269 1335 1314 se
1357 1269 1482 1333 graecas

349 1356 623 1441 Ignatii'epistolas
647 1358 778 1421 edidisse
797 1360 936 1441 jactabat.

443 1461 541 1522 Pueue
572 1469 688 1525 centum
723 1464 810 1525 cuuis
838 1471 906 1544 post
940 1462 1096 1525 breviores
1127 1461 1245 1524 demum
1275 1469 1306 1524 et
1332 1463 1484 1544 genuinae

351 1565 384 1631 S.
401 1565 505 1648 lguatii
529 1567 673 1648 epistolae
696 1567 831 1631 detectae
853 1575 932 1646 sunt,
956 1585 1070 1647 easque
1086 1567 1196 1648 primus
1213 1586 1325 1650 graece
1341 1569 1370 1629 in
1387 1568 1484 1629 lucem

351 1672 477 1754 protulit
500 1672 712 1735 Amstclodami
740 1671 821 1738 1646
844 1674 979 1737 isaacus
1006 1673 1135 1736 Vossius
1161 1691 1200 1735 ex
1230 1690 1290 1734 uuo
1321 1674 1484 1754 superstite

351 1777 558 1839 Bibliothecae
583 1778 735 1840 Mediceac
758 1779 863 1842 codice
886 1799 938 1841 ms.
964 1777 1056 1847 seculi
1079 1778 1127 1856 Xl,
1150 1784 1343 1858 veteremque
1366 1778 1483 1838 latinam

352 1883 527 1944 versionem
550 1883 668 1960 addidit,
690 1900 777 1963 quam
801 1882 913 1965 graeco
938 1884 1100 1963 exeurplari
1123 1881 1337 1965 propemodum
1363 1883 1391 1942 iu
1414 1899 1483 1944 om·

352 1986 444 2048 uibus
460 1978 691 2067 respondentem
709 1988 820 2049 Oxonii
839 1985 924 2050 teat
939 2005 956 2048 e
974 1988 1089 2051 duobus
1109 1988 1270 2065 codicibus,
1294 2005 1353 2050 uuo
1371 1987 1483 2049 Cauta-

353 2092 504 2172 brigiensi
527 2097 557 2152 et
580 2090 672 2152 altero
696 2109 736 2153 err
759 2093 938 2154 bibliotheca
960 2091 1099 2154 Richardi
1121 2084 1253 2171 episcopi
1278 2092 1482 2170 Ncrvicensis,

356 2194 500 2256 docebas
526 2194 689 2271 Usserius·5
706 2194 959 2278 Archiepiscopus
983 2195 1186 2260 Armachanus
1209 2197 1382 2280 vulgaverat
1402 2194 1438 2280 ¹).

448 2300 556 2361 Verum
573 2317 662 2379 quum
678 2300 706 2362 in
724 2300 773 2362 illo
789 2297 840 2384 (et
856 2299 965 2386 unico)
979 2301 1084 2365 codice
1096 2299 1231 2362 llediceo
1247 2317 1300 2362 scu
1312 2301 1482 2363 Florentino

355 2402 482 2465 deesset
504 2391 629 2485 epistola
652 2405 689 2466 ad
712 2404 879 2485 Romanos,
910 2407 1037 2470 Vossius
1067 2406 1144 2467 illam
1178 2422 1218 2465 ex
1242 2404 1484 2483 interpolatarum

354 2506 490 2572 editione
512 2510 693 2588 decumam,
719 2510 794 2573 duce
818 2520 923 2574 vetere
946 2513 1126 2592 interprete,
1150 2527 1223 2572 suae
1246 2509 1408 2590 integritati
1431 2527 1485 2570 re-

353 2604 483 2679 stituere
506 2614 627 2677 adortus
653 2621 706 2677 est.
753 2616 840 2684 Auno
863 2625 961 2680 autem
987 2613 1070 2681 1689
1086 2613 1248 2696 Epistulam
1272 2613 1308 2676 ad
1325 2612 1485 2692 Romanos,

356 2719 455 2781 veteri
476 2719 585 2785 latinae
607 2722 741 2783 versioni
765 2721 801 2784 ad
825 2710 1238 2802 amussim-respondentem,
1264 2738 1282 2781 e
1305 2718 1377 2781 Cod.
1403 2715 1483 2781 1151

354 2823 684 2907 Bibliothecaeregiae
707 2825 881 2889 Parisieusis
904 2828 1132 2890 membranaceo
1150 2823 1199 2908 ²),
1226 2825 1345 2886 Parisiis
1376 2822 1486 2904 publici

349 2927 431 3011 juris
454 2928 524 2989 lecit
549 2928 759 3019 Theodericus
782 2922 1008 2994 Baioartusin
1033 2930 1122 2993 Actis
1139 2930 1311 3011 Martyrum
1332 2929 1466 2991 sinceris
1473 2947 1486 3002 ,·

355 3020 447 3112 quam
476 3024 779 3116 de'ineeps‘Grahius
809 3042 840 3097 et
872 3035 1012 3098 Clericus
1040 3036 1162 3118 prodire
1187 3037 1350 3116 jusserunt.
1376 3035 1485 3097 'Anno

358 3130 445 3198 1709
479 3136 590 3217 Oxouii
628 3138 738 3220 prodiit
771 3141 1022 3221 praestantissima
1060 3138 1192 3201 Thomae
1225 3138 1348 3201 Smithii
1384 3139 1484 3218 edilia,

335 3259 446 3322 ·quam
469 3242 564 3311 secuti
587 3248 655 3304 suut
677 3243 859 3306 ludovicus
875 3244 966 3326 Frey,
988 3244 1170 3308 Bichardus
1190 3245 1315 3321 Bussel,
1340 3244 1485 3307 Andreas

360 3343 551 3407 Galtandias
580 3332 617 3408 'et
655 3346 835 3411 Guilielmus
869 3348 1088 3422 ducohsonusr
1126 3365 1201 3429 quos
1236 3354 1265 3412 et
1299 3367 1355 3411 nos
1393 3348 1484 3410 dames

341 3448 522 3512 babuimus.
746 3527 749 3530 .
767 3458 770 3462 '

445 3553 491 3614 lV.
536 3554 725 3619 authentiam
760 3557 951 3639 epistolarum
985 3559 1014 3623 S.
1048 3558 1153 3642 Ignatii
1187 3558 1274 3639 primi
1310 3542 1485 3638 impugnare

355 3664 508 3722 tentarunt
524 3659 709 3742 Salmasius,
732 3662 913 3727 Blandellus
937 3671 965 3727 et
981 3664 1156 3747 praesertim
1175 3663 1318 3726 Joauucs
1332 3663 1485 3724 Dallaeus

355 3763 524 3842 (Duilli),
557 3764 731 3851 theologus
756 3787 780 3831 ⁴e
805 3769 897 3833 Gallia
925 3771 1140 3833 celeberrimus
1171 3775 1202 3830 et
1231 3769 1267 3830 V.'
1289 3769 1324 3830 l).
1354 3770 1486 3851 ruinister

354 3867 436 3950 apud
467 3868 953 3954 Gal'vinistas.Charentonenses,
989 3877 1039 3956 qui
1067 3895 1093 3937 a.
1126 3871 1208 3956 1666
1238 3874 1267 3936 in
1297 3873 1389 3936 libro:
1424 3872 1486 3950 „de

353 3975 487 4072 scriptis
517 3988 597 4054 qaae
619 3977 677 4039 suh
698 3977 850 4061 Dionysii
872 3977 1081 4059 Areopagitae
1111 3985 1142 4040 et
1162 3977 1278 4059 Ignatii
1301 3976 1486 4041 Antiocheui

361 4158 365 4167 ·
393 4148 420 4208 1)
440 4144 490 4198 cn.
515 4150 645 4202 Pearson.
671 4148 803 4202 Vindictae
830 4149 906 4217 lgna·
970 4151 998 4215 2)
1019 4147 1244 4215 Codexhic,olim
1254 4145 1486 4210 ColbertinusdBO,

353 4231 451 4296 tianae,
462 4235 486 4285 in
501 4224 609 4289 Caleter.
625 4234 690 4303 Opp.
704 4232 803 4287 Petrum
817 4238 905 4306 apost.
935 4245 992 4290 acta
1010 4234 1123 4302 ma'rtyrii
1142 4237 1168 4288 S.
1180 4234 1270 4304 ignatii
1284 4227 1405 4296 conticet,
1425 4233 1485 4299 qui-

355 4319 399 4397 ed.
431 4320 529 4373 Clera‘c.
565 4321 640 4376 1⁷24.
671 4321 698 4375 Τ,
727 4321 760 4374 ll.-
789 4320 906 4392 Append.
934 4324 981 4376 bns
999 4322 1126 4389 capitelli
1145 4323 1253 4388 epistola
1271 4319 1361 4388 ignatii
1381 4318 1481 4371 adlla-

354 4423 381 4481 p.
402 4404 455 4459 264
471 4404 527 4479 sqq.
594 4425 597 4429 ’
725 4408 750 4426 ·’
883 4480 886 4485 ¹
934 4424 1022 4465 aanor
1041 4410 1191 4479 interposita
1208 4412 1267 4462 cer.¹
1300 4416 1302 4421 ·
1364 4423 1366 4428 ·
