3659 5209
432 586 465 642 lV
896 583 1094 639 PRAEFATIO.

432 751 531 824 studii
559 760 591 820 et
618 750 743 822 laboris
770 751 803 819 in
826 751 924 819 tertia
947 748 1092 819 editione
1116 745 1307 819 adornanda
1329 750 1559 844 impendimus

433 866 610 959 Syriacam
637 874 790 934 veterem
817 864 915 932 trium
943 862 1190 953 lgnatianarum
1226 864 1441 956 epistolarum
1469 891 1558 938 ver-

432 983 560 1050 sionem
595 982 627 1046 in
663 978 865 1047 monasterio
902 975 1045 1067 quodam
1078 974 1231 1068 Aegypti
1269 975 1434 1048 detectam
1469 989 1502 1050 ct
1539 1005 1559 1052 a

305 1174 310 1181 ι
438 1092 620 1161 Ceretano
644 1091 759 1181 Anglo
787 1113 814 1159 a.
841 1088 938 1159 1845
968 1089 1088 1158 editam
1120 1087 1220 1176 (The
1247 1095 1398 1161 arroderet
1421 1092 1559 1186 Syriae

429 1211 575 1276 version
617 1204 665 1298 of
701 1201 763 1272 tlte
803 1202 950 1298 ept'stlec
991 1202 1040 1294 of
1074 1208 1180 1271 seint
1212 1201 1386 1299 Ipocte'us
1422 1216 1460 1276 to
1502 1207 1557 1278 St.

429 1318 638 1414 Polyaeno,
690 1314 751 1386 the
793 1315 1002 1411 Ephesiam
1050 1315 1129 1385 end
1175 1313 1236 1386 the
1276 1315 1446 1389 Romans
1493 1332 1558 1392 etc.

428 1433 581 1518 London,
602 1431 824 1521 Rivingtons)
845 1453 920 1499 cum
942 1452 1069 1522 graeco
1089 1439 1184 1500 textu
1202 1441 1316 1502 nostro
1339 1432 1558 1522 contulimus3

428 1545 610 1616 secundam
649 1540 855 1613 Jccodsom‘
893 1544 1071 1614 editionem
1111 1543 1246 1614 Patrum
1282 1546 1557 1639 Apostolicorum

428 1660 553 1747 (Oxon.
595 1656 702 1727 1840.
738 1660 758 1727 2
789 1658 885 1746 tom.)
922 1659 1044 1727 utiliter
1077 1657 1300 1746 adhibuimus,
1335 1661 1556 1730 animadver-

428 1775 541 1842 siones
578 1771 738 1842 loannis
780 1770 910 1840 Caroli
950 1768 1141 1841 Theodori
1178 1769 1268 1844 Otto
1308 1775 1342 1843 in
1380 1774 1556 1868 epistolam

428 1884 469 1954 ad
505 1885 709 1977 Diognetum
745 1893 778 1954 et
810 1884 974 1954 lectiones
1009 1889 1178 1956 variantes
1213 1887 1340 1959 codicis
1374 1891 1555 1981 Argento-

426 2003 568 2069 ratensis
598 1999 638 2070 ab
667 2003 739 2093 ipso
768 1997 891 2086 collati,
920 1998 975 2068 ubi
1002 1999 1191 2085 videbatur,
1218 2003 1252 2070 in
1281 2024 1376 2072 usum
1403 2012 1554 2074 nostrum

427 2117 655 2183 convertimus
684 2123 747 2182 etc.
775 2122 838 2181 etc.
1301 2183 1305 2188 ,

530 2225 638 2296 Novis
674 2228 763 2296 curis
800 2224 944 2318 denique
982 2237 1097 2319 quarta
1130 2227 1214 2299 haec
1252 2229 1352 2300 editio
1382 2228 1555 2301 elaborata

426 2351 486 2412 est.
553 2340 699 2410 Textum
735 2341 844 2410 multis
881 2339 985 2427 locis,
1021 2346 1218 2434 praesertim
1255 2346 1288 2412 in
1329 2343 1478 2436 epistolis
1520 2345 1555 2414 S.

426 2453 566 2546 Ignatii,
597 2465 751 2547 'veteres
798 2457 976 2524 versiones
1016 2454 1193 2548 Syriacam
1242 2464 1275 2524 et
1313 2455 1553 2527 Armeniacum

428 2570 554 2662 (nuper
582 2593 600 2638 a
628 2570 850 2663 Petermanno
879 2566 1021 2657 editam)
1050 2567 1262 2653 adhibentem
1300 2568 1553 2641 emendavimus

427 2689 461 2750 et
498 2684 746 2751 annotationum
783 2683 900 2770 majori
933 2702 1072 2750 numero
1100 2681 1348 2753 illustravimus.
1400 2681 1436 2751 ln
1464 2705 1554 2753 ver-

427 2796 523 2864 sione
551 2793 651 2863 latina
679 2791 801 2884 ubique
829 2815 965 2864 sensum
993 2803 1184 2864 sanctorum
1206 2794 1341 2866 Petrum
1366 2799 1555 2866 accuratius

427 2908 620 2999 exprimere
648 2908 759 2974 eonati
786 2928 911 2996 sumus,
938 2906 1185 2999 Prolegomena
1213 2918 1246 2979 et
1273 2911 1400 2979 indices
1429 2909 1554 3003 ampli-

425 3018 601 3090 ficavimus
630 3029 663 3091 et
690 3023 921 3107 correximus,
952 3029 985 3089 et
1012 3044 1098 3114 quae
1127 3045 1146 3092 a
1174 3025 1257 3093 viris
1286 3022 1392 3092 doctis
1420 3025 1453 3091 in
1481 3045 1554 3092 rem

425 3141 574 3201 nostram
603 3133 766 3226 disputata
793 3144 899 3222 erant,
927 3136 960 3203 in
979 3133 1235 3227 Prolegomenis
1257 3144 1290 3204 et
1313 3137 1399 3205 notis
1421 3158 1554 3229 propo-

426 3247 561 3315 suimus.
614 3245 764 3316 Maximo
800 3246 854 3317 hic
889 3249 964 3317 usui
997 3248 1094 3320 nobis
1131 3248 1281 3341 fuerunt
1299 3252 1470 3320 numerosi
1506 3249 1556 3318 illi

425 3354 513 3445 libri,
541 3361 596 3450 qui
619 3382 637 3429 a
661 3363 744 3430 viris
767 3358 968 3431 doctissimis
994 3360 1115 3430 ultimis
1137 3361 1188 3433 his
1211 3364 1306 3433 annis
1330 3361 1372 3432 de
1394 3362 1554 3456 operibus

426 3468 560 3540 Patrum
577 3471 852 3566 Apostolicorum
875 3476 908 3542 in
932 3494 1060 3564 genere
1082 3483 1115 3543 et
1135 3478 1316 3570 praecipue
1339 3474 1381 3545 de
1401 3473 1554 3568 epistolis

426 3582 462 3654 S.
487 3583 607 3675 Ignatii
635 3589 816 3679 conscripti
851 3594 936 3657 sunt.
988 3583 1178 3657 Laudamus
1205 3590 1403 3682 praesertim

352 3707 358 3715 ’
455 3698 494 3784 l)
539 3695 718 3795 Corpus
738 3695 767 3766 Ι
768 3702 1073 3788 gestationum:
1101 3723 1126 3767 a
1155 3699 1334 3795 complete
1357 3695 1556 3770 collection

531 3812 581 3905 of
596 3809 658 3882 the
678 3810 863 3902 Jgoutt'en
884 3811 1060 3905 Eptlrtlec,
1086 3815 1260 3902 genuine,
1283 3807 1552 3904 c'nterpolctech

531 3925 610 3994 ared
633 3928 826 4020 spurt'ouc3
854 3924 1030 4014 together
1050 3924 1141 3995 with
1164 3948 1361 3995 aeumerous
1381 3935 1554 3998 extracto

522 4038 635 4130 from
658 4035 769 4120 them,
798 4061 843 4106 us
866 4037 1005 4132 quoted
1031 4035 1078 4132 tp
1106 4037 1382 4108 ecclesiastice!
1403 4045 1554 4112 matters
1594 4076 1599 4103 t

532 4149 639 4218 down
659 4158 698 4217 to
722 4142 784 4219 tte
804 4150 908 4220 tenth
930 4163 1085 4246 scartorp
1091 4182 1105 4237 ,·
1132 4156 1171 4220 in
1190 4176 1209 4221 s
1215 4155 1368 4244 price,
1395 4155 1552 4244 greek‚

531 4260 624 4330 ared
643 4260 659 4329 l
665 4267 791 4334 ett're:
813 4289 864 4335 απ
880 4265 1024 4356 emglislc
1044 4264 1275 4336 translation
1289 4267 1338 4360 os
1347 4267 1409 4337 tte
1422 4274 1553 4362 syriae

532 4382 634 4460 teet,
684 4382 835 4475 cepione
875 4389 1000 4465 vectes,
1049 4380 1128 4450 ared
1175 4381 1451 4467 introductt'on,
1503 4380 1552 4477 dp
