3659 5209
426 541 491 607 358
627 535 766 591 HERMAE
784 534 919 591 PASTOR.
956 535 1051 590 LIBER
1069 536 1100 590 ll.
1136 535 1286 591 dannan.
1305 535 1351 593 Vl.

392 742 397 749 .
426 693 475 772 εἰς
495 693 551 782 την
572 691 703 783 καρδίαν
725 712 783 757 σου
798 685 905 782 ἀναβῇ,
929 691 975 778 γί
1002 705 1077 776 tate,
1101 697 1139 760 de
1161 698 1267 775 venia,
1293 696 1335 760 de
1357 697 1505 764 charitate
1527 708 1553 764 et

425 819 532 877 νωσκε,
550 792 631 864 ὅτιύ
643 790 976 887 ίίγγελοςτῆςδικαιο-
1003 801 1040 862 de
1062 803 1180 882 pictate.
1226 801 1313 863 llaec
1345 803 1449 866 omnia
1472 823 1552 886 quum

427 904 522 990 σύνης
542 902 624 986 μεταλ
644 905 705 968 σοῦ
724 901 824 968 ἐστιν·
851 894 975 985 Ιτούτῳ
1002 905 1193 968 ascenderint
1215 905 1246 967 in
1268 923 1328 967 cor
1350 912 1449 987 mum,
1474 910 1553 987 scito,

429 997 483 1074 οὖν
497 1005 628 1074 πίστευε
643 1006 696 1072 καὶ
711 1013 781 1082 τοῖς
797 1001 901 1094 ἔργοις
916 997 974 1070 αύ-
1002 1007 1081 1089 quod
1092 1007 1203 1072 Genius
1213 1011 1377 1090 aequitatis
1387 1018 1488 1074 tecum
1497 1019 1551 1089 est;

427 1112 493 1191 τοῦ,
515 1109 567 1178 καί
589 1109 739 1199 ἐγκρατής
760 1109 858 1175 αὐτοῦ
876 1116 975 1194 γενοῦ.
1004 1111 1097 1174 ¹huic
1109 1131 1184 1196 ergo
1193 1113 1290 1176 Genio
1304 1115 1404 1177 crede
1416 1122 1448 1178 et
1459 1118 1552 1198 operi-

430 1211 509 1306 Ὅρα
531 1211 587 1284 οὖν
612 1215 747 1281 καλτού
769 1211 900 1301 ἀγγέλου
921 1220 976 1300 τῆς
1002 1217 1058 1279 bus
1082 1219 1156 1299 ejus.
1193 1217 1312 1299 Accipe
1328 1228 1417 1283 nun'c
1433 1227 1464 1283 et
1479 1220 1553 1284 Genii

427 1320 582 1411 πονηρίας
596 1316 637 1385 τύ
649 1317 740 1409 ἔργα·
755 1320 884 1408 πρῶτον
892 1311 974 1383 πύν-
1002 1320 1163 1401 iniquitatis
1182 1338 1285 1401 opera.
1327 1324 1466 1387 Primum
1480 1342 1552 1386 una·

426 1448 490 1490 των
520 1418 682 1508 ὀξύχολος·
697 1423 766 1490 ἐστι
791 1420 842 1489 καί
864 1421 976 1511 πικρδς
1002 1442 1072 1504 rus,
1102 1424 1262 1487 iracundus
1287 1433 1319 1488 et
1342 1428 1478 1492 stolidus
1499 1435 1552 1506 cst;

427 1528 479 1594 καί
502 1529 623 1618 ἄφρων,
648 1527 698 1593 καί
722 1527 764 1595 τοί
785 1523 862 1617 ἔργα
879 1522 977 1592 αύτοῦ
1004 1535 1034 1590 et
1063 1545 1154 1609 opera
1177 1529 1255 1591 illius
1278 1532 1462 1611 perniciosa
1485 1539 1552 1612 sunt,

427 1628 553 1721 πονηροί
595 1632 856 1722 καταστρέφοντα
897 1627 976 1707 τούς
1004 1638 1034 1694 et
1056 1639 1194 1696 evertunt
1216 1651 1327 1697 servos
1357 1635 1427 1700 Dei.
1467 1637 1552 1712 Quum

428 1734 561 1811 δούλοσς
575 1744 633 1802 τοῦ
649 1738 740 1801 Θεοῦ.
772 1731 865 1801 Ὅταν
880 1730 978 1810 αύτδς
1004 1754 1080 1818 erga
1109 1737 1139 1799 in
1166 1755 1220 1801 car
1248 1744 1334 1800 tuum
1367 1740 1552 1803 ascenderint

429 1838 484 1907 ε’πί
520 1837 575 1927 την
605 1839 740 1928 καρδίαν
773 1860 831 1905 σου
865 1835 976 1925 ύναβῇ,
1004 1840 1087 1919 haec,
1104 1841 1253 1923 intelliges
1270 1843 1308 1905 ab
1323 1845 1552 1927 operibusejus,

429 1948 531 2031 γνῶθι
544 1936 642 2010 αύτόν
657 1943 712 2010 ἐπί
727 1945 791 2009 τῶν
807 1939 905 2032 ἔργων
921 1941 976 2007 αύ-
1003 1945 1082 2007 hunc
1111 1962 1180 2008 esse
1203 1943 1331 2008 Genium
1366 1948 1551 2030 iniquitatis.“

429 2050 495 2114 τοῦ.
520 2086 558 2098 -
584 2050 663 2123 Πῶς
689 2041 775 2138 κύριε
797 2042 900 2135 νοήσω
923 2045 977 2112 αύ-
1003 2048 1041 2110 Et
1063 2048 1124 2110 dixi
1146 2050 1190 2112 ei:
1216 2052 1407 2132 „quomode
1432 2053 1552 2133 domine,

431 2151 505 2233 τόν,·
528 2151 705 2239 -’Λε’γει·
737 2145 832 2217 ύίκοοε
861 2152 976 2217 λεπτο-
1003 2152 1210 2235 intelligam‘l“
1236 2153 1371 2235 „Audi,“
1388 2158 1495 2239 inquit,
1512 2165 1553 2238 „et

429 2259 533 2346 μερῶς
565 2257 617 2322 καὶ
651 2252 844 2346 [προσεχής]
874 2254 977 2342 γίνου·
1004 2257 1148 2338 intellige.
1194 2257 1291 2332 Quum
1317 2259 1483 2326 iracundia
1510 2264 1554 2325 tihi

431 2356 508 2428 ὅταν
524 2353 674 2444 ύξνχολία
689 2360 743 2428 σοί
753 2384 803 2437 τις
811 2356 979 2449 προσέλθῃ
1005 2361 1183 2440 accesserit,
1213 2367 1262 2425 aut
1278 2365 1481 2446 amaritudo,
1511 2368 1554 2429 in-

429 2459 450 2554 ἢ
470 2463 597 2556 πικρία,
626 2463 768 2552 γίνωσκε,
801 2458 860 2529 ὅτι.
882 2460 979 2539 αύτύς
1005 2465 1116 2547 tellige,
1139 2485 1208 2528 eum
1230 2466 1260 2529 in
1283 2473 1314 2528 te
1330 2484 1407 2531 esse
1419 2491 1429 2546 ;
1455 2470 1555 2533 deinde

430 2568 517 2637 ἐστιν
539 2569 571 2636 ἐν
593 2569 662 2635 σοί·
685 2561 889 2636 είταλοιπδν
905 2566 978 2634 ε’πι-
1005 2570 1148 2650 cupiditas
1178 2570 1336 2633 multorum
1369 2590 1502 2655 operum
1529 2583 1554 2638 et

430 2672 547 2759 θυμίαι
575 2670 725 2764 πράξεων
752 2674 895 2752 πολλῶν,
927 2671 979 2738 καλ
1006 2673 1183 2754 optimorum
1208 2672 1344 2736 ciborum
1369 2684 1401 2739 et
1425 2679 1553 2742 ebriete-

430 2777 619 2845 πολυτέλεια
634 2769 978 2866 ε’δεσμοίτωνκαὶκραι.
1005 2783 1083 2856 tum,
1118 2784 1147 2840 et
1168 2778 1338 2858 appetentia
1371 2777 1553 2846 ²mnltarun

430 2884 540 2950 πολῶν
569 2883 712 2962 πολλῶν,
743 2882 797 2948 καί
824 2882 979 2949 ποικίλων
1005 2896 1105 2944 rerum
1121 2882 1291 2961 alienarum,
1314 2888 1348 2944 et
1369 2887 1554 2967 superbiaet

429 2990 577 3077 τροφῶν,
609 2986 662 3052 καί
684 2980 896 3066 ediderimus,
927 2985 979 3052 καί
1005 2985 1186 3065 multiloquia
1208 2993 1239 3048 et
1253 2986 1386 3066 ambitio,
1411 2997 1446 3052 et
1463 3008 1553 3071 quae-

430 3087 978 3186 ἐπιθυμίαι1γνναικῶν,κα1πλεο-
1005 3090 1133 3168 'cumque
1157 3089 1194 3151 iis
1216 3089 1319 3153 similia
1346 3099 1446 3156 sunt·
1481 3094 1554 3156 llaec

429 3194 536 3276 νεξίαι,
558 3188 759 3283 ὑπερηφανία
779 3219 815 3262 τε
837 3194 888 3261 καί
903 3195 979 3261 ἅλα-
1005 3210 1081 3275 crgo
1103 3211 1193 3273 quum
1215 3194 1245 3257 in
1267 3211 1321 3257 σοι
1343 3202 1429 3259 tuum
1449 3215 1554 3261 ascen-

431 3297 541 3380 ζρνεία,
564 3296 616 3363 καί
640 3293 851 3376 ὅσκτούτοις
872 3323 977 3389 παρα.
1005 3296 1110 3376 derint,
1133 3297 1275 3380 intellige,
1296 3297 1429 3364 Genium
1448 3302 1554 3384 iniqui-

430 3395 560 3490 πλήσια.
610 3410 717 3468 Ταῦτα
748 3399 803 3470 οὖν
826 3398 901 3470 ὅταν
924 3402 979 3469 ἐπὶ
1004 3400 1070 3462 latis
1109 3407 1206 3464 tecum
1244 3418 1323 3466 esse.
1394 3402 1445 3468 Tu
1485 3423 1554 3489 ergo

430 3531 485 3594 την
499 3503 631 3594 καρδίαν
646 3508 706 3573 σού
718 3505 828 3597 οίναβῇ,
844 3505 978 3595 γίνωσκε,
1005 3523 1094 3584 qurum
1126 3509 1307 3588 cognoveris
1338 3526 1437 3590 opera
1472 3511 1555 3586 illius,

431 3609 483 3676 ὅτι
505 3601 635 3695 ἄγγελος
652 3613 709 3698 τῆς
724 3610 880 3700 πονηρίας
895 3610 979 3678 ἐστίν
1004 3609 1116 3672 recede
1138 3612 1174 3672 ab
1190 3610 1246 3672 illis
1262 3612 1415 3691 omnibus,
1441 3620 1473 3676 et
1489 3613 1556 3676 nihil

407 3711 463 3789 ’ἐν
494 3712 554 3779 σοι’.
599 3710 644 3779 Σύ
674 3705 728 3781 οὖν
758 3714 907 3801 ἐπιγνούς
937 3712 978 3782 τὰ
1004 3713 1045 3774 illi
1063 3712 1172 3789 crede3
1196 3717 1264 3794 quia
1280 3716 1357 3778 mala
1373 3724 1447 3780 sunt
1469 3735 1556 3799 opera

431 3810 508 3906 ἔργα
522 3809 632 3897 αὐτοῦ,
653 3811 782 3885 α’πύστα
797 3813 855 3886 ἀπ’
868 3817 977 3898 αὐτοῦ,
1004 3816 1091 3896 illius,
1115 3824 1146 3879 et
1167 3836 1228 3880 non
1250 3822 1441 3884 conveniunt
1471 3837 1556 3885 seruc

468 4008 495 4073 1)
515 4006 649 4062 Cassianus
666 4010 724 4062 hinc
743 4011 861 4077 conjecit,
880 4012 905 4062 in
920 4015 979 4065 ιολο
1005 4010 1057 4063 bet.
1094 4006 1150 4058 Non
1170 4005 1243 4072 jure,
1262 4013 1296 4062 ‚ut
1312 4005 1442 4061 Nunnius
1467 4009 1555 4070 docuit,

430 4094 538 4147 hominis
556 4095 659 4148 arbitrie
673 4100 860 4166 essepcsituan
880 4099 979 4149 cuinam
1005 4098 1100 4175 Appen.
1119 4110 1145 4161 ρ.
1166 4091 1222 4143 114.
1259 4089 1312 4144 cfr.
1332 4109 1414 4162 supra
1433 4095 1485 4148 Vis.
1500 4095 1522 4159 1,
1534 4094 1554 4144 3.

328 4195 331 4202 ’
432 4179 513 4233 Genio
533 4181 595 4234 velit
613 4182 728 4235 obedire.
766 4182 816 4236 cfr.
829 4187 898 4254 ittig,
918 4184 935 4234 Ι.
955 4200 978 4236 c.
1005 4200 1031 4252 p.
1051 4182 1109 4234 325.
1128 4188 1180 4232 not.
1200 4178 1225 4229 ’1.

432 4283 457 4334 p.
473 4266 519 4317 171
541 4275 567 4318 et
584 4271 753 4338 deeimarum,
772 4286 798 4338 p.
811 4268 852 4322 78.
880 4270 979 4337 lttigiua
1039 4270 1068 4333 2)
1088 4267 1183 4321 Graeca
1200 4264 1340 4333 legendum
1353 4267 1483 4321 suadente
1501 4287 1555 4322 ιιιι-

431 4351 561 4405 Pastorem
573 4352 751 4424 Pelagiauiami
769 4364 910 4424 suspectum
928 4355 979 4407 ln-
1005 4359 1101 4410 tierum
1119 4363 1144 4408 et
1158 4369 1259 4407 ceren.
1289 4353 1391 4408 Corra.

1594 2142 1597 2231 l
