3659 5209
676 546 854 600 utuuhuun
875 546 1042 602 nulsione.
1069 548 1099 601 V.
1117 548 1159 602 Vl.
1438 554 1474 619 ss

345 707 453 771 radios
487 708 565 770 itlius
594 708 718 772 obtueri.
769 706 889 771 'Porro
918 709 1010 790 igitur
1040 709 1116 771 fitius
1140 709 1196 771 Dei
1226 711 1294 773 ideo
1325 713 1353 773 iu
1386 730 1477 774 carne

347 813 451 892 veuit,
485 818 517 873 ut
539 831 681 875 summurn
705 815 873 895 imponeret
894 816 1026 893 peccatis
1051 832 1173 892 eorum,
1207 816 1256 894 qui
1287 814 1321 876 ad
1353 823 1476 879 mortum

348 918 503 998 persecuti
527 925 595 979 suut
616 918 779 1005 prophetas
802 917 904 998 ipsius.
945 917 989 980 Oh
1011 919 1068 980 hoc
1085 919 1177 1001 igitur
1192 936 1296 1001 passus
1311 927 1365 982 est.
1401 922 1477 984 Dicit

351 1024 431 1084 enirn
455 1023 553 1101 Deus,
586 1020 599 1059 ¹
610 1025 738 1104 plepem
763 1025 868 1085 caruis
892 1026 959 1102 ejas
983 1023 1023 1084 ab
1045 1023 1111 1084 iliis
1133 1042 1219 1099 esse,
1252 1019 1324 1084 ¹et:
1356 1021 1475 1103 ’φινκε

350 1127 521 1208 percutiam
541 1136 713 1206 pastorem,
739 1135 812 1189 tunc
834 1128 1054 1208 disperpentur
1077 1146 1150 1189 oees
1172 1129 1286 1207 prepis.
1331 1127 1398 1208 lpse
1420 1147 1476 1190 arr-

353 1238 411 1292 tem
436 1228 509 1293 ⁵ric
532 1233 590 1313 pati
614 1232 725 1308 uoluit3
757 1232 914 1311 oportebat
937 1233 1061 1313 quippe,
1097 1238 1128 1293 ut
1156 1232 1185 1294 in
1213 1231 1294 1313 tigne
1316 1238 1476 1312 pateretur.

351 1335 430 1396 Dicit
459 1336 554 1412 euim,
589 1337 639 1416 qui
670 1336 707 1396 de
738 1336 790 1399 itto
820 1336 1024 1417 prophetavit:
1057 1331 1179 1415 ⁶paree
1202 1338 1325 1398 arrianae
1348 1355 1434 1398 ureae
1457 1355 1478 1398 a

348 1439 480 1519 pladi03
512 1433 639 1501 ¹ciaois
670 1441 786 1520 coapipe
818 1459 928 1502 carries
956 1458 1058 1517 meas,
1092 1435 1198 1520 ⁸puia
1226 1441 1364 1503 concilia
1387 1441 1477 1503 maii-

344 1544 510 1624 ·paaatium
533 1543 777 1606 insurrexerant
806 1545 840 1605 ia
869 1563 924 1605 me.
968 1544 1004 1606 Et
1035 1564 1137 1609 rursus
1168 1548 1224 1608 ait:
1254 1540 1353 1608 ⁹ecce
1381 1544 1477 1623 possi

349 1632 479 1711 cinisem
501 1668 598 1712 meam
620 1651 662 1712 ad
682 1649 824 1730 liupana,
849 1659 878 1713 et
898 1670 996 1730 penas
1019 1651 1062 1712 ad
1085 1652 1217 1732 alapas;
1237 1651 1351 1731 sociem
1374 1658 1477 1712 cutem

348 1773 449 1815 meam
468 1755 563 1833 posui
585 1755 668 1816 sicat
693 1750 864 1819 ¹⁰solidam
884 1765 1015 1836 petram.

348 1945 396 2007 Vl.
445 1946 562 2010 Christi
582 1949 691 2025 passio
715 1957 744 2010 et
765 1967 877 2010 maara
898 1947 1012 2025 foedus
1029 1950 1097 2025 jam
1119 1967 1140 2008 a
1161 1947 1320 2028 Prophetis
1347 1966 1473 2009 annua-

854 2052 982 2113 riantur.

443 2174 538 2246 Quum
562 2179 659 2234 autern
683 2165 762 2254 iecit,
786 2175 866 2257 quod
892 2173 915 2212 ¹¹
930 2180 1121 2256 praeceptum
1145 2173 1172 2234 ei
1196 2172 1299 2252 iuerat,
1323 2174 1391 2254 quid
1410 2175 1473 2238 ait?

354 2274 380 2312 ¹¹
397 2275 476 2349 Quis
498 2284 552 2352 est,
578 2279 631 2356 qai
655 2270 755 2359 litipet
776 2281 917 2342 mecum?
956 2280 1097 2342 Resistat
1118 2277 1202 2338 mibi.
1249 2278 1303 2339 Vei
1323 2279 1393 2356 pais
1417 2287 1472 2354 est,

349 2380 406 2461 qai
418 2381 576 2460 judicium
593 2383 677 2445 iaeat
691 2386 859 2446 adeersum
872 2385 946 2446 me?
975 2383 1212 2464 Appropiapuet
1224 2400 1322 2458 puero
1338 2383 1474 2444 Domini.

353 2485 417 2547 Vae
441 2484 540 2561 cobis,
565 2487 641 2565 pain
664 2508 769 2551 omnes
791 2509 849 2553 oos
871 2489 1073 2551 veterascetis
1095 2487 1187 2568 quasi
1202 2472 1423 2561 cestioieatunr,
1446 2493 1476 2546 et

351 2591 438 2650 tinea
460 2590 625 2652 decorabit
646 2594 724 2655 aas!
766 2594 809 2657 Et·
824 2596 929 2657 iterum
953 2594 1023 2656 dicit
1045 2593 1206 2674 propheta:
1244 2589 1266 2628 ¹¹
1281 2592 1365 2652 sicat
1392 2590 1475 2667 lapis

346 2692 446 2772 sortis
466 2695 591 2771 positos
614 2705 660 2759 est
682 2699 715 2759 in
739 2700 956 2762 contritionem
964 2720 975 2772 ;
1009 2696 1118 2769 ¹¹‚eece
1142 2698 1269 2759 immitto
1294 2699 1327 2757 ia
1355 2695 1475 2773 suada-

348 2806 452 2860 meata
467 2797 575 2861 Sionis
598 2801 730 2879 lapidem
747 2805 931 2882 pretiosam,
956 2804 1093 2879 elect-nur,
1118 2803 1309 2882 copularem,
1333 2802 1474 2862 honora-

349 2904 449 2966 bilem.
488 2904 601 2966 Deinde
625 2907 694 2986 quid
716 2907 871 2989 loquitur?
909 2909 951 2969 Et
964 2909 1017 2988 pai
1033 2908 1211 2986 sperauerit
1225 2907 1257 2967 ia
1274 2907 1370 2978 iilam,
1393 2905 1476 2967 ciaet

348 3010 383 3070 ia
408 3016 574 3072 aeternum.
621 3011 651 3073 iu
684 3012 787 3092 lapide
816 3031 892 3095 ergo
915 3030 986 3093 spes
1009 3011 1139 3074 nostra?
1184 3011 1267 3072 Absit
1277 3032 1285 3085 ;
1319 3009 1372 3071 sed
1405 3010 1473 3089 quia

349 3108 494 3175 Dominus
527 3111 597 3175 ¹⁵iu
630 3114 801 3188 fortitudine
832 3119 932 3200 posuit
961 3135 1072 3198 corpus
1104 3134 1201 3178 suurn.-
1251 3116 1299 3179 Ait
1328 3132 1472 3195 nemque:

350 3214 377 3256 ¹⁶
390 3225 420 3277 et
437 3221 544 3297 pasait
564 3238 610 3301 me
632 3222 714 3283 sieut
734 3223 868 3284 solidam
888 3230 1019 3300 petram.
1055 3220 1162 3282 Adhuc
1184 3227 1281 3282 autern
1304 3221 1372 3280 dicit
1398 3237 1472 3300 pro-

348 3321 454 3403 pheta:
483 3316 651 3402 ¹⁷lapidem
675 3345 762 3406 qoem
785 3328 1034 3404 reprobaverant
1057 3328 1272 3407 aedificantes,
1296 3326 1347 3386 hic
1365 3324 1473 3402 [octies

349 3434 397 3487 est
418 3426 452 3486 in
475 3435 570 3506 capot
590 3432 707 3509 auperti.
748 3430 783 3492 Et
804 3433 911 3493 iteruin
935 3433 990 3493 ait:
1019 3425 1129 3492 ¹⁸taec
1149 3438 1197 3491 est
1217 3431 1284 3493 dies
1306 3447 1420 3508 rnapna
1444 3436 1473 3488 et

385 3599 413 3661 8)
433 3594 473 3649 Ps.
492 3598 534 3663 21,
559 3600 595 3650 tt.
924 3605 1043 3656 versione
1062 3611 1147 3654 nostra
1166 3604 1300 3653 omisimus.

385 3684 414 3752 9)
433 3684 489 3736 lsai.
516 3686 563 3751 50,
592 3687 615 3739 a.
642 3689 666 3740 7.
712 3689 762 3742 cfr.
794 3695 897 3747 Justirt.
961 3689 1005 3752 14)
1024 3691 1080 3741 lsai.
1100 3691 1142 3754 28,
1165 3689 1203 3742 16,
1229 3688 1274 3741 eir.
1293 3689 1363 3740 Rern>
1385 3688 1471 3754 1133.

348 3770 457 3839 Apolog.
477 3771 538 3824 l.·n.
559 3774 600 3824 38.
633 3814 635 3818 .
926 3779 1021 3829 {Petu
1043 3778 1068 3840 2,
1087 3779 1111 3828 6.
1419 3834 1423 3841 ,

387 3858 433 3925 10)
449 3858 469 3909 1.
490 3876 512 3911 e.
530 3865 624 3929 faciem
642 3872 694 3916 narr
713 3877 844 3920 avertaris.
962 3864 1006 3927 15)
1028 3862 1094 3931 Zeta&
1119 3862 1209 3916 Christi
1235 3873 1338 3932 propter
1363 3859 1434 3928 inpii
1457 3877 1472 3912 u

386 3947 430 4008 11)
450 3946 489 3997 Sc.
501 3949 577 4012 patris
588 3944 666 4012 jussio
680 3951 713 4002 dc
724 3953 898 4007 incarnatione
927 3950 1052 4018 Propheta
1072 3953 1139 4006 neor
1157 3960 1270 4002 vocatur·

349 4041 376 4083 et
388 4040 442 4082 toto
456 4033 579 4084 humanae
592 4037 771 4087 incarnationis
784 4040 896 4105 negotio.
963 4039 1007 4102 16)
1026 4037 1081 4088 lsai.
1090 4037 1166 4102 50‚7.
1175 4037 1257 4101 ioque.
1277 4042 1360 4089 Oxos.
1370 4031 1472 4085 ertxrt.

387 4107 432 4182 11)
452 4119 508 4170 usar.
528 4119 571 4184 50,
590 4122 615 4172 e.
635 4123 659 4172 u.
962 4125 1005 4188 rr>
1026 4124 1066 4174 us.
1088 4125 1146 4186 rra,
1165 4124 1207 4174 22.

386 4206 430 4268 13)
450 4204 504 4256 isai.
524 4206 550 4271 8,
572 4208 611 4257 14.
634 4207 705 4272 juxta
730 4217 826 4259 textum
849 4210 897 4261 hc·
962 4210 1006 4266 181
1024 4209 1064 4262 Pr.
1079 4211 1138 4275 117,
1152 4211 1193 4263 21.
1212 4212 1321 4279 loquitur
1333 4206 1365 4255 de
1379 4219 1409 4254 ea
1422 4202 1472 4265 die,

348 4293 473 4356 braiaum,
492 4292 622 4356 uuujuxta
637 4292 708 4344 LXX.
726 4293 759 4333 '-
780 4294 898 4346 Veterem
926 4308 975 4365 qua
1002 4296 1066 4364 lapis
1093 4297 1243 4365 reprobatus
1271 4295 1353 4346 tactus
1383 4296 1422 4343 ert
1449 4290 1473 4341 in

348 4382 514 4447 interpretem
542 4379 646 4444 inritati,
676 4394 768 4430 vocem
795 4379 847 4432 irari
874 4384 900 4435 iu
928 4392 1002 4450 caput
1020 4383 1113 4452 anguli.
