3659 5209
575 542 586 561 ‘
616 526 810 585 uiantium!
827 529 854 586 s:
871 529 1061 586 Potrcnut’t.
1080 529 1121 585 XI.
1138 530 1191 586 ΧΠ.
1209 531 1273 586 xm.
1443 538 1506 603 285

329 682 342 725 ²
373 711 505 776 carpus:
529 693 629 774 ipuem
651 694 873 774 minariapur'
895 694 938 756 od
954 694 1050 757 borne
1070 695 1205 773 spatium
1227 695 1328 772 ardet,
1354 715 1393 758 uc
1408 698 1507 776 poulo
1542 751 1551 763 .

329 791 346 887 ll
371 807 452 878 post
474 791 684 879 eustinpuitur
693 819 704 872 ,·
726 801 857 879 iquorus
873 800 955 861 enim
971 801 1055 862 illum
1070 800 1171 878 futuri
1180 800 1300 879 judicii
1315 810 1346 863 et
1359 811 1506 866 aeternae

329 897 341 959 l
373 900 498 984 poenae
521 906 637 986 ipram,
669 906 722 984 qui
746 905 851 983 impiis
874 914 1062 969 reservetur.
1112 903 1221 968 Verum
1248 908 1325 988 quill
1344 908 1507 971 moreris?

376 1008 499 1087 Profer,
524 1011 728 1090 quodcunque
751 1009 898 1073 uolueris.

589 1202 651 1265 ΧΠ.
697 1201 891 1284 Polpourpus
914 1200 958 1262 ad
979 1220 1088 1280 rapum
1110 1203 1286 1268 damnetur.

329 1323 354 1417 'll
466 1323 547 1387 llaec
570 1343 643 1388 vcro
668 1332 758 1404 atque
781 1325 837 1387 ulia
860 1323 945 1403 plur‘a
968 1342 1033 1386 cum
1057 1325 1189 1407 diecret,
1213 1326 1319 1390 fiducia
1342 1331 1372 1388 et
1393 1326 1503 1409 gaudio

329 1430 355 1495 P
376 1430 566 1511 replebatur,
597 1431 736 1512 illiusque
758 1429 857 1493 vultus
880 1428 987 1508 plenus
1011 1429 1125 1510 gratiae
1150 1435 1231 1509 erat,
1256 1429 1357 1510 vedeo,
1389 1438 1421 1494 ut
1444 1450 1505 1494 uou

329 1520 475 1599 *solum
500 1554 560 1598 nou
583 1535 772 1612 concideret,
803 1534 868 1613 ipso
893 1551 948 1613 per
971 1534 1048 1596 dicta
1076 1532 1276 1598 ¹conturbato
1285 1555 1295 1612 3
1322 1535 1376 1598 sad
1400 1543 1504 1599 contra

329 1622 356 1701 ἔ·
376 1641 543 1722 proconsul
565 1646 715 1721 stuperet,
746 1656 894 1718 suumque
917 1639 1045 1700 mitteret
1070 1657 1251 1720 praeconem
1282 1646 1328 1703 ter
1352 1640 1381 1702 in
1405 1641 1504 1702 medio

329 1751 352 1793 ¹¹
376 1745 475 1810 stadio
498 1745 760 1827 proclam-uturum:
791 1743 985 1823 Polycarpus
1010 1744 1181 1823 *coufessus
1204 1755 1267 1822 cst,
1295 1746 1505 1811 Christianum

329 1842 353 1901 ¹⁸
376 1871 412 1914 se
443 1869 521 1913 esse.
566 1848 652 1923 Quod
683 1848 732 1910 ubl
763 1851 986 1928 pronuntiasset
1017 1867 1143 1930 praeco,
1180 1851 1318 1912 universa
1351 1850 1504 1914 multitudo

332 1962 348 2004 ll
376 1954 532 2039 gentilium
555 1972 590 2016 ac
613 1951 809 2030 ludaeorum,
833 1953 883 2034 qui
908 1953 1062 2034 Smyrnam
1086 1954 1269 2033 incolebant,
1294 1954 1437 2018 effrenata
1461 1957 1504 2019 ira

334 2052 343 2107 ι’
376 2042 415 2124 εἰ
436 2075 544 2140 magua
574 2075 651 2123 voca
681 2056 900 2120 conclamabat:
931 2057 983 2118 bic
1005 2052 1206 2135 limpietotr‘e
1234 2065 1282 2120 est
1303 2069 1503 2140 praeceptor,

329 2151 336 2211 l
370 2156 469 2249 poter
493 2163 761 2238 Christianorum,
785 2162 922 2225 Deorum
944 2172 1125 2226 nostrorum
1149 2183 1285 2241 euersor,
1314 2166 1368 2244 qui
1391 2168 1505 2231 multoe
1602 2188 1606 2198 ·

329 2268 333 2313 :¹
371 2272 488 2345 elucet,
525 2287 563 2330 ue
599 2267 798 2344 sacrificent,
838 2285 914 2329 neoc
946 2266 1049 2330 Deos·
1068 2268 1208 2330 odorent.
1252 2268 1333 2331 Haeo
1371 2270 1503 2334 dicentes

372 2374 543 2439 clamabant
572 2372 781 2452 rogabantque
803 2370 966 2452 Philippum
989 2367 1209 2451 ³Asiarcbam,
1241 2380 1272 2435 ut
1298 2373 1415 2435 leonem
1446 2374 1503 2436 ad·

372 2499 487 2546 versus
502 2479 696 2560 Polycarpum
720 2478 874 2539 emitteret.
922 2475 960 2538 m
975 2477 1125 2560 Philippus
1146 2476 1173 2539 id
1193 2477 1253 2539 sibi
1264 2476 1355 2539 licere
1371 2479 1503 2559 negavit,

372 2587 448 2669 quia
481 2583 581 2648 ludum
612 2582 796 2645 bestiarium.
813 2583 873 2664 jam
908 2578 1129 2663 laxptevisset.
1183 2583 1266 2644 Tunc
1297 2580 1405 2662 placuit
1435 2583 1502 2661 illis,

370 2709 438 2756 uuo
474 2706 625 2754 consensu
659 2687 804 2763 eleuare,
841 2692 873 2748 ut
904 2685 1085 2768 Polycarpus
1119 2684 1233 2750 ⁵vivus
1267 2686 1501 2753 combureretur.

369 2796 512 2859 Necesse
539 2793 616 2857 enim
647 2797 727 2870 erat,
758 2798 792 2853 ut
814 2789 890 2852 visio
914 2790 962 2852 illa
986 2790 1023 2852 de
1046 2791 1186 2854 cervicali
1207 2790 1394 2872 impleretur,
1425 2809 1502 2873 quae

370 2901 405 2965 ei
429 2905 550 2964 ostensa
574 2898 685 2977 tuerat,
713 2880 787 2959 eum.
805 2896 882 2957 inter
906 2895 1050 2957 orandum
1072 2895 1144 2957 illud
1167 2895 1278 2958 ardeus
1309 2896 1441 2974 videret,
1473 2900 1503 2957 et

348 3012 542 3068 'conversus
564 3003 602 3065 ad
625 3001 727 3066 fideles
756 3000 906 3064 adstantes
938 3000 1112 3083 prophetice
1139 2999 1269 3064 diceret:
1303 3010 1428 3081 oportet
1454 3020 1502 3065 me

367 3109 480 3173 viuum
504 3108 648 3173 comburi.

721 3400 794 3465 Xlll.
840 3401 947 3482 Ropus
970 3402 1151 3465 exstruitur.
1172 3460 1174 3465 .

464 3524 545 3589 Haec
567 3544 658 3607 porro
682 3525 767 3586 citius
790 3526 908 3605 paracta
933 3528 1017 3600 suut,
1048 3542 1134 3604 quam
1157 3522 1364 3605 pronuntiata,
1395 3524 1501 3582 cuncta

368 3632 464 3715 plebe
486 3628 643 3694 confestim
665 3647 706 3691 ex
728 3627 854 3691 olbciuis
876 3646 911 3690 ao
933 3627 1048 3691 balneis
1079 3626 1160 3710 ligna
1194 3635 1224 3690 et
1246 3631 1395 3690 sarmenta
1419 3643 1499 3688 cou-

330 3854 337 3865 “
369 3858 401 3911 it
427 3855 566 3924 gerendum
589 3853 754 3922 eligebantur.
792 3851 857 3904 Hinc
873 3859 922 3916 cst,
984 3851 1017 3914 4)Ι
1037 3850 1073 3903 lta
1102 3851 1219 3917 codices,
1253 3858 1318 3902 terte
1345 3848 1499 3915 lucubrum,

370 3943 444 4014 quod
458 3941 547 3995 Strabo
566 3941 701 4005 observet,
720 3938 855 3990 Asiarchae
867 3937 922 3989 lere
950 3939 1043 3989 omisso
1081 3946 1215 4006 augmento
1244 3934 1498 4010 plusquamperfectl,

368 4047 405 4083 ex
415 4029 545 4080 Trallianis
556 4028 684 4079 desumlos
697 4026 786 4089 luisse,
800 4033 921 4093 propter·
950 4023 1017 4091 quud
1048 4027 1149 4092 saepius
1178 4025 1233 4075 fieri
1260 4031 1367 4076 testatur
1393 4021 1497 4088 Winer,

368 4133 414 4180 ea,
436 4115 503 4184 quod
522 4114 578 4180 ejus
595 4115 663 4165 urbia
675 4115 745 4166 cives
757 4110 922 4163 totiusAsiae
951 4112 1066 4163 Grnmm.
1087 4114 1112 4176 ς,
1134 4111 1173 4163 12.
1191 4110 1221 4161 N.
1241 4109 1266 4160 8.
1285 4124 1309 4175 p.
1329 4107 1371 4157 69.
1398 4106 1439 4157 ed.
1458 4103 1498 4156 lV.

369 4202 557 4271 opulentissimi
572 4208 664 4252 esseut.
683 4204 824 4251 Vncrsrus.
850 4196 921 4248 Idem
985 4195 1016 4262 5)
1034 4195 1055 4246 E
1075 4196 1150 4249 codd.
1168 4195 1239 4248 lliud.
1261 4203 1287 4247 et
1305 4193 1439 4247 Parieieusi
1451 4189 1498 4243 Ja-

368 4292 421 4343 iete
448 4287 577 4356 Philippus
606 4287 671 4338 inira
698 4302 721 4338 c.
743 4285 775 4337 21
805 4269 923 4350 ἅρχωρέὺς
949 4282 1078 4334 cobsuuue
1095 4284 1210 4351 reposuit
1227 4283 1313 4343 ζῶντα.

373 4372 518 4446 Τραλλιανός
534 4372 683 4443 appellatur.
711 4376 855 4426 Juoonsor.

1581 4452 1589 4465 η

1481 4477 1487 4489 3
1567 4468 1575 4481 a

1487 4533 1586 4558 ol..

1534 4564 1586 4583 01
