3659 5209
284 558 289 567 ’
318 625 322 635 ¹
396 553 457 613 ,Xla
853 548 1108 606 ruotsuousun.
1347 549 1546 623 [El'lSTOLAE

414 714 558 802 lgnatium
582 712 748 778 immediate
772 713 801 780 S.
817 713 907 778 Petro
931 711 1115 776 successisse
1130 707 1169 796 ¹).
1207 710 1475 810 Baroniusxfflnn.
1492 710 1544 794 15,

417 820 458 895 14
473 829 503 886 et
519 820 569 902 ll,
588 818 647 905 11)
669 829 759 902 atque
774 815 884 884 Natalis
899 816 1072 881 Alexander
1093 816 1179 902 (Sec.
1195 817 1215 880 l.
1232 817 1310 882 Diss.
1330 814 1377 882 14.
1395 819 1486 902 Prop.
1506 818 1543 905 1)

398 927 584 1011 *conjiciunt
600 925 744 997 Evodlum
760 944 796 988 ac
811 923 954 1006 lgnatium
971 923 1078 986 eodem
1099 931 1242 1006 tempore,
1266 925 1390 989 alterurn
1406 925 1543 1006 Judaeis,

413 1034 538 1112 alterum
553 1030 685 1107 Ethnieis
705 1031 741 1093 ad
757 1049 849 1094 verae
864 1028 1020 1110 religionis
1036 1014 1144 1091 cultum
1161 1030 1327 1108 conversis,
1343 1028 1543 1112 *praefuisse5

413 1140 520 1220 quihus
543 1137 579 1200 ad
603 1135 792 1201 concordiam
809 1132 927 1197 tandem
943 1133 1088 1213 adductis,
1103 1134 1248 1218 lgnatium
1263 1133 1379 1198 Evodio
1397 1135 1542 1208 cessisse,

410 1243 577 1324 iterumque
600 1242 801 1324 post'obitum
824 1239 901 1301 illius
925 1237 1052 1302 sedisse.
1120 1257 1122 1260 ’

496 1347 544 1409 De
566 1346 670 1428 lgnatii
694 1363 766 1408 cura
788 1343 930 1426 pastorali
961 1345 1055 1408 verba
1077 1343 1198 1408 ‘iaciunt
1226 1350 1290 1407 acta
1314 1346 1449 1426 martyrii
1473 1346 1541 1410 el

409 1449 521 1535 Eadem
543 1468 636 1534 porro
659 1455 789 1528 narrant,
812 1448 958 1534 lgnatium
983 1469 999 1512 a
1024 1450 1162 1532 Trajano,
1187 1455 1291 1511 contra
1313 1448 1492 1513 Armeniam
1516 1457 1542 1512 et

311 1556 316 1573 “
408 1556 532 1618 Parthos
554 1555 764 1637 proficiscente
786 1552 1024 1635 Antiochiaeque
1047 1560 1193 1632 morante,
1220 1553 1256 1616 ad
1279 1554 1390 1617 bestias
1415 1554 1541 1620 damua-

408 1667 478 1741 tum‚
501 1661 624 1723 Romam
648 1677 717 1723 esse
744 1659 908 1722 abductum.
1275 1664 1277 1667 ’
1394 1681 1396 1685 ’

497 1764 567 1827 Post
589 1765 708 1849 longam
731 1771 761 1827 et
776 1748 974 1844 periculosam
992 1762 1221 1845 navigationem,
1245 1763 1281 1826 ad
1298 1762 1403 1826 decem
1420 1765 1538 1844 milites,

409 1886 486 1951 quos
509 1869 669 1951 leopardos
694 1874 783 1933 vocat
795 1865 836 1951 ²),
860 1867 1006 1950 alligatus,
1024 1873 1144 1930 sanetus
1160 1868 1273 1949 ltlartyr
1288 1868 1447 1950 Smyrnam
1467 1890 1538 1953 per-

408 1976 500 2055 venit,
523 1976 574 2038 ubi
589 1956 636 2038 ex
658 1975 818 2056 colloquio,
842 1991 908 2036 oum
925 1973 953 2037 S.
971 1973 1137 2055 Polycarpo
1161 1979 1191 2036 et
1212 1973 1410 2055 adjacentium
1434 1976 1538 2039 ecele-

319 2078 320 2082 ’
408 2081 518 2145 siarum
540 2081 646 2163 legatis
669 2081 778 2158 habito,
802 2079 954 2160 ingentem
977 2077 1157 2159 voluptatem
1180 2078 1331 2161 percepit,
1358 2084 1389 2141 et
1412 2086 1538 2161 quatuor

409 2184 549 2266 epistolas
572 2184 608 2248 ad
623 2175 803 2267 Ephesios.
818 2184 1007 2265 llagnesios,
1039 2185 1206 2249 Trallianos
1232 2191 1262 2252 et
1283 2184 1438 2252 Romanos
1460 2205 1537 2251 oon-

329 2309 336 2369 j
408 2290 534 2371 scripsit.

496 2396 621 2478 Smyrna
655 2392 802 2457 Troadem
823 2392 937 2472 veuit,
975 2394 1025 2456 ubi
1059 2393 1190 2476 Ignatim
1224 2413 1386 2477 paucorum
1423 2395 1537 2460 dierum

408 2519 520 2564 moram
544 2499 678 2580 epistolis
701 2498 737 2560 ad
761 2496 1042 2578 Philadelphenses,
1075 2498 1255 2580 Smyrnaeus
1288 2507 1318 2563 et
1340 2500 1537 2584 Polycarpum
1601 2519 1606 2530 ¹

409 2594 566 2669 exarandis
583 2604 699 2666 dicavit.
736 2601 808 2664 lnde
822 2602 978 2684 Neapolim
994 2602 1148 2683 adductus,
1164 2604 1313 2687 Philippos
1330 2589 1536 2687 pertransiens
1600 2593 1606 2634 ⁵

279 2728 284 2733 ·
407 2708 609 2783 llacedoniam
631 2713 721 2771 totam
744 2708 927 2799 peragravit.
974 2706 1127 2788 Epidamni
1155 2727 1230 2773 vero
1262 2709 1301 2792 (i.
1325 2728 1351 2773 e.
1376 2709 1537 2796 Dyrachii)
1601 2700 1606 2738 ¹

306 2848 311 2855 ·
407 2813 437 2895 in
459 2812 549 2893 Epiro
573 2832 678 2876 navem
710 2812 796 2875 breui
826 2812 989 2874 soluturam
1020 2811 1189 2892 ollendeus,
1220 2814 1438 2889 Hadriaticum¹
1458 2834 1537 2880 mare
1599 2818 1606 2843 ¹

407 2918 586 3001 enavigavit,
610 2924 699 2997 atque
722 2917 751 2979 in
768 2916 952 2998 Tyrrhenum
976 2917 1117 2980 aseendit
1163 2919 1303 2982 Puteolos
1325 2918 1375 2981 ubi
1398 2921 1538 3000 pervenit
1598 2909 1606 2948 ‘

407 3022 727 3085 enavi-deseendere
757 3021 910 3102 cupiebat,
942 3031 974 3085 ut
1002 3023 1039 3086 ad
1063 3024 1092 3088 S.
1115 3024 1196 3086 Pauli
1220 3026 1388 3106 exemplum
1413 3025 1537 3090 Romam
1597 3014 1606 3055 ⁶

407 3127 535 3190 Puteolis
566 3126 770 3190 contenderet.
815 3126 854 3190 At
884 3131 975 3190 vento
1010 3116 1178 3191 vehementi
1212 3130 1242 3191 iu
1277 3130 1366 3191 altum
1398 3130 1537 3213 repulsus
1596 3099 1606 3159 1

407 3232 512 3297 urbem
542 3231 620 3293 illam
650 3232 815 3313 praeterire
843 3240 965 3295 coactus
997 3239 1051 3303 est.
1096 3234 1234 3315 Denique
1266 3234 1302 3296 ad
1326 3224 1449 3297 Portum
1474 3235 1537 3298 Ro·
1596 3224 1606 3261 ''

408 3355 525 3399 manum
547 3336 730 3416 perveniens
753 3354 770 3398 a
792 3337 938 3418 fidelibus,
961 3338 1054 3401 Roma
1073 3339 1190 3400 obviam
1210 3339 1358 3417 euntibus,
1381 3339 1537 3417 salutatus,
1596 3328 1606 3388 1

408 3460 425 3504 a
441 3439 614 3503 custodibus
630 3446 728 3503 autem
744 3441 948 3505 festinantibus
963 3442 1086 3506 Romam
1108 3442 1137 3503 in
1160 3442 1405 3522 amphitheatrum
1423 3443 1537 3521 ductus,

409 3550 439 3606 et
461 3543 577 3606 duobus
600 3543 736 3607 leonibus
767 3546 901 3628 objectus
928 3552 996 3626 est,
1027 3546 1077 3627 qui
1108 3545 1187 3607 illico
1219 3547 1314 3628 ipsum
1341 3545 1537 3625 devorarunt,

409 3647 481 3711 solis
505 3647 674 3712 durioribus
696 3649 807 3712 relictis
824 3652 954 3732 ossibus,
975 3669 1053 3732 quae
1069 3650 1193 3737 collecta
1209 3649 1397 3714 Antiochiam
1413 3652 1538 3735 pretiosi
1595 3704 1606 3738 n

409 3755 503 3816 instar
526 3752 658 3816 thesauri
681 3754 835 3837 deportata
858 3764 936 3820 sunt.
1002 3802 1004 3809 .
1594 3777 1604 3824 a·

488 3845 751 3940 *lgnatium'nono
779 3878 857 3925 anno
888 3860 1077 3943 imperatoris
1103 3860 1222 3943 Trajani
1254 3856 1448 3943 (aetum.
1480 3858 1537 3927 106
1592 3876 1606 3928 l*

411 3993 452 4010 -
476 3959 517 4026 26
540 3962 605 4027 Jan.
631 3961 691 4026 tut
714 3983 742 4046 p.
767 3961 856 4050 Chr.)
880 3963 917 4026 ad
939 3965 1051 4028 bestias
1074 3964 1256 4044 damnatum,
1288 3962 1406 4027 decimo
1439 3972 1537 4030 autem
1590 3961 1606 4039 f‘

411 4065 530 4147 Trajani
555 4085 650 4148 anno,
683 4066 735 4133 20.
757 4066 936 4148 Dee.‘107‚
969 4068 1111 4150 martyrio
1141 4075 1316 4133 coronatum
1347 4085 1439 4149 esse,
1476 4077 1537 4136 acta
1589 4045 1603 4085 ἡ

410 4171 559 4253 passionis
582 4173 648 4256 ejus
671 4173 791 4236 tradunt
813 4156 839 4236 c.
861 4170 880 4234 2
904 4178 935 4237 et
958 4170 987 4236 7.
1587 4209 1606 4257 h

446 4394 475 4464 1)
491 4363 974 4472 onoma.orn103.1.p.lo.r.1v.y
1019 4397 1050 4469 2]
1067 4402 1151 4471 tonat·
1170 4351 1211 4468 ap.
1229 4396 1262 4454 ad
1279 4394 1353 4485 ltom
1373 4416 1398 4454 c.
1419 4398 1446 4472 S.
1475 4424 1485 4487 j

290 4540 347 4664 g
388 4600 391 4604 ,

1587 4457 1601 4518 l.
