3659 5209
657 555 688 611 u.
707 530 1178 620 cueuenrrs'uucon.urr.,
1406 563 1468 630 rur

347 717 606 799 derelinquamus,
634 717 726 782 ueluti
756 735 986 801 praecursorem
1021 719 1193 783 ¹scelerum
1220 729 1389 786 nostrorum
1398 745 1408 801 ;
1439 731 1470 787 et

346 821 494 904 fugiamus
528 823 721 906 impietatem,
754 841 793 885 ne
826 841 882 887 nos
918 823 991 887 mala
1026 824 1287 906 comprehendant.
1338 827 1411 890 Nam
1443 830 1469 892 si

345 927 424 991 bene
440 942 532 1010 agere
547 918 756 1009 studuerimus,
780 929 1002 992 consectabitur
1018 943 1073 992 uos
1089 948 1157 1011 pax.
1195 928 1277 993 Hauc
1294 932 1332 994 ob
1349 951 1468 997 causam

346 1050 412 1096 earu
434 1029 572 1118 [pacem]
595 1052 655 1097 non
678 1035 831 1115 reperient
854 1031 1036 1113 ²homines,
1070 1037 1120 1117 qui
1149 1034 1283 1099 humanis
1315 1039 1469 1103 timoribus

346 1139 511 1219 ducuntur,
548 1148 772 1222 praeponentes
808 1126 988 1224 voluptatem
1022 1147 1211 1221 praesentem
1245 1145 1470 1225 repromissioni

346 1244 473 1307 futurae.
517 1244 659 1328 ignorant
682 1245 759 1306 enim
783 1251 922 1326 quantum
945 1244 1051 1308 hebeat
1072 1252 1249 1310 tormentum
1271 1248 1359 1332 hujus
1378 1249 1470 1311 seculi

346 1350 494 1432 uoluptas,
520 1347 559 1412 et'
573 1350 677 1432 quales
694 1350 801 1412 babeat
816 1349 938 1413 delicias
955 1345 1052 1412 lutura
1068 1352 1235 1432 promissio.
1279 1352 1324 1416 Ac
1341 1353 1470 1434 quidem,

346 1455 373 1518 si
395 1455 452 1536 ipsi
477 1455 534 1517 soli
557 1456 612 1518 ista
634 1455 778 1535 lucerent,
801 1455 955 1519 tolerabile
974 1463 1074 1532 esset3
1094 1457 1155 1540 jam
1172 1476 1246 1521 vero
1262 1465 1470 1540 perseverant,

346 1564 482 1625 insontes
513 1562 625 1623 animes
655 1556 756 1643 prauis
786 1561 929 1647 doctrinis
960 1561 1110 1640 imbuere,
1146 1563 1330 1642 nescientes,
1363 1561 1472 1644 ³quod

348 1664 494 1748 duplicem
517 1635 668 1729 habebunt
689 1666 967 1731 condemnationem
992 1671 1021 1729 et
1042 1666 1109 1748 ipsi,
1132 1668 1235 1749 etqui
1263 1668 1383 1732 audiunt
1406 1685 1471 1732 eos.

346 1856 396 1921 Xl.
441 1858 569 1925 Dioioia
588 1861 756 1939 proratoris
779 1860 869 1941 pidem
889 1858 1037 1922 babentes
1059 1860 1232 1924 serviamus
1253 1862 1336 1940 Deo,
1361 1862 1474 1924 eterit

693 1965 784 2030 nobis
807 1963 963 2027 beatitudo
986 1971 1122 2028 aeterno.
1234 1962 1238 1969 ⁴
1359 1962 1363 1971 “

438 2083 499 2147 Nos
524 2101 599 2166 ergo
622 2084 652 2146 iu
676 2082 767 2147 corde
791 2095 867 2164 puro
890 2083 956 2147 Deo
978 2084 1160 2164 serviamus,
1192 2095 1222 2151 et
1252 2089 1361 2153 erimus
1381 2091 1455 2173 justi
1462 2111 1471 2168 ;

347 2186 461 2267 quodsi
491 2194 586 2250 autem
619 2207 678 2252 nou
708 2190 918 2270 servierimus,
950 2208 1010 2252 non
1040 2189 1193 2254 credendo
1223 2197 1377 2273 promissis
1406 2196 1472 2273 Dei,

347 2293 454 2354 miseri
490 2289 607 2357 erimus.
665 2295 742 2358 Dicit
776 2295 853 2357 enim
888 2298 919 2357 et
953 2300 1053 2356 sermo
1090 2293 1317 2376 propheticum,
1339 2297 1474 2361 ⁴mtseat

347 2404 442 2474 suot,
475 2398 529 2477 qui
559 2399 662 2462 auimo
696 2398 840 2479 duplices
871 2407 901 2462 et
924 2400 1019 2463 corde
1041 2397 1127 2462 dubii
1149 2408 1240 2477 aunt,
1272 2402 1325 2480 qui
1350 2402 1476 2466 dicunt:

347 2503 431 2566 baec
453 2503 557 2567 omniu
579 2506 757 2569 audiuimus
779 2506 873 2569 etiam
895 2513 1030 2585 tempore
1049 2511 1172 2585 potrum
1196 2486 1393 2578 nostrorumss
1416 2526 1475 2570 noa

347 2628 427 2672 vero
452 2606 561 2671 ⁵diem
584 2610 622 2670 de
645 2611 697 2673 die
719 2599 953 2690 exspectemus,
985 2610 1067 2672 nibil
1093 2610 1204 2674 borum
1229 2610 1371 2673 uidimus.
1416 2605 1474 2673 ⁶0

345 2717 452 2796 futui,
479 2725 657 2796 comparate
680 2737 737 2781 coa
760 2716 888 2790 orbor·i,·
919 2716 1011 2778 uitem
1032 2716 1150 2779 sumite.
1195 2715 1328 2804 Primum
1351 2715 1475 2795 quidem
1536 2784 1543 2791 ³

345 2820 441 2902 foliis
459 2820 605 2898 nudatur,
628 2840 752 2902 permen
764 2827 877 2901 posteo
890 2821 936 2900 fib
957 2821 1109 2899 posthaec
1123 2838 1185 2883 uoa
1201 2819 1326 2896 acerbo,
1351 2820 1475 2888 totidem

349 2926 470 2988 demum
493 2945 555 2989 ceo
576 2934 713 2990 inarare:
751 2925 801 2989 Ito
824 2934 854 2988 et
872 2925 1009 3007 populus
1029 2944 1114 2988 meus
1126 2916 1315 3007 opitotioraes
1334 2930 1365 2984 et
1380 2942 1473 3002 pres-

347 3049 444 3094 surus
467 3032 554 3109 tulit3
579 3031 690 3094 deinde
713 3030 796 3094 bono
818 3030 964 3109 excipiet.
1009 3030 1125 3110 ltaque,
1153 3027 1261 3091 fratres
1285 3028 1352 3107 mei,
1375 3030 1472 3093 urrimo

348 3153 391 3197 ne
416 3133 549 3218 duplices
572 3136 680 3212 simus,
703 3133 757 3197 sed
781 3140 936 3217 sperantes
960 3135 1176 3211 sustineamus,
1199 3138 1230 3195 ut
1253 3139 1283 3195 et
1305 3132 1472 3195 mercedem

347 3245 548 3322 reportemus.
593 3239 702 3303 Fidelis
727 3240 803 3302 euim
828 3247 888 3319 est,
919 3220 971 3322 qui
987 3226 1139 3322 'pollicitus
1163 3245 1226 3317 est,
1257 3257 1292 3301 se
1314 3238 1474 3320 unicuique

347 3344 535 3409 redditurum
559 3345 722 3410 secundum
747 3364 839 3428 opera
863 3347 938 3428 ejus.
984 3346 1015 3409 si
1044 3362 1119 3428 ergo
1147 3343 1305 3406 fecerimus
1331 3344 1474 3426 justitiam

348 3468 452 3513 coram
475 3451 558 3528 Deo,
590 3453 619 3515 in
642 3470 769 3535 reguum
793 3451 870 3514 illius
894 3449 1113 3534 ingrediemur,
1144 3455 1173 3511 et
1197 3450 1374 3533 accipiemus
1397 3465 1473 3529 pro·

347 3557 528 3637 missiones,
553 3551 660 3639 'quae
683 3559 773 3622 auris
795 3575 860 3621 oon
883 3556 1020 3632 audiuit,
1044 3574 1101 3618 nec
1123 3555 1231 3619 oculus
1253 3554 1350 3631 uidit,
1374 3569 1472 3632 quae·
1541 3541 1546 3548 ’

348 3680 418 3742 que.
433 3661 467 3724 io
490 3681 545 3726 cor
564 3662 697 3727 bominis
722 3683 786 3730 oon
809 3663 1027 3727 ascenderunt.

348 3969 507 4044 drdpuinovr]
526 3995 547 4025 κ.
560 3996 581 4026 τ.
594 3976 613 4025 t.
643 3957 718 4028 Nolte
737 3973 821 4027 deleta
834 3956 899 4026 uoce
961 3973 990 4042 5)
1009 3972 1155 4024 Wottonum
1180 3968 1245 4021 mule
1271 3969 1311 4021 hie
1336 3968 1473 4020 inseruisse

347 4056 484 4127 ἅνθρὼπον
502 4061 636 4131 legendum
657 4070 726 4130 putat
743 4056 823 4124 edric.
897 4046 898 4051 ¹
926 4076 1016 4113 uocem
1035 4057 1082 4108 υἱοὶ
1100 4065 1187 4110 mouet
1205 4055 1370 4107 Jacobsouus.

383 4147 416 4212 ¹3)
437 4146 531 4201 Similia
555 4151 668 4218 reperies
693 4149 717 4198 in
744 4146 898 4215 epistolas.
961 4147 990 4211 6)
1008 4145 1068 4210 Post
1092 4141 1228 4210 ἑωράκαμεν
1242 4141 1384 4194 'Wottouur
1406 4139 1473 4191 male

348 4235 500 4308 lunariter
520 4234 613 4304 prea.
634 4253 655 4287 c.
677 4235 717 4287 16.
927 4234 1068 4285 interserit:
1087 4231 1129 4280 ἔτι.
1157 4234 1300 4280 Jacoasou.

386 4322 416 4386 4)
436 4309 624 4374 Eudem'rerba
638 4319 725 4396 laudat
737 4320 765 4375 B.
780 4325 900 4378 Clemens
960 4320 990 4379 '7l
1007 4316 1167 4384 1001’·2‚9·
1204 4312 1268 4365 Num
1285 4312 1472 4381 Ap⁰⁸¹⁰¹t¹5¹ttd

349 4407 435 4464 icor.
448 4409 491 4462 23.
510 4407 555 4462 cfr.
573 4414 648 4476 supra
666 4424 693 4476 p.
710 4406 752 4459 87.
772 4406 829 4459 llot.
850 4405 874 4460 ¹7.
926 4405 984 4459 lsai.
1003 4407 1046 4472 64,
1066 4404 1092 4460 4.
1112 4403 1265 4474 respexerit,
1284 4401 1408 4452 incertum
1426 4405 1473 4451 eet.
1508 4466 1511 4474 Ι

1194 4488 1266 4557 to·
1440 4488 1578 4650 r
