3659 5209
347 570 376 627 S.
393 568 543 639 toltum]
787 567 1043 625 tuotuoobuun.
1425 576 1478 631 ldX
1603 566 1606 571 ¹

347 737 510 816 ponentes,
531 748 593 796 non
616 730 672 792 nisi
694 729 777 793 initio
799 729 893 792 seculi
914 727 968 791 lldi
986 731 1113 795 adscribi
1138 741 1273 812 possunt,
1301 735 1477 816 praesertim

349 836 538 918 temporibus
561 834 707 914 Corinthi,
737 836 787 915 qui
818 836 905 897 simili
937 837 1064 916 quodam
1093 837 1183 900 modo
1215 838 1360 919 duplicem
1389 841 1475 905 istum

352 959 492 1005 errorem
513 941 542 1002 in
562 946 723 1021 systemate
746 957 802 1003 suo
825 941 927 1002 tonuit.
972 940 1036 1004 lam
1059 942 1138 1003 circa
1161 941 1289 1004 medium
1310 943 1402 1005 seculi
1425 942 1476 1006 lldi

353 1046 501 1108 elementa
523 1044 570 1106 illa
594 1043 752 1125 disparata,
776 1043 962 1106 Docetismus
986 1052 1016 1108 et
1038 1045 1226 1125 ludaismuS,
1252 1047 1338 1108 etiam
1360 1048 1475 1112 extrin-

351 1167 444 1214 secus
468 1149 612 1232 disjuncta
636 1155 666 1210 et
688 1148 811 1210 alterum
834 1150 870 1210 ab
894 1148 989 1213 altero
1020 1150 1240 1214 haereticorum
1264 1168 1380 1232 genera
1402 1168 1476 1231 pro·
1530 1164 1535 1181 ·

348 1262 515 1338 pugnatum
545 1258 617 1316 erat.
663 1251 806 1314 Basilides
829 1271 855 1315 e.
880 1273 909 1335 g.
941 1260 970 1314 et
991 1253 1124 1317 Marcion
1154 1256 1231 1317 inter
1260 1253 1419 1317 Gnosticos
1449 1261 1478 1316 et

348 1361 483 1422 Docetas
506 1356 627 1420 coaevis
649 1354 790 1416 ludaistis
822 1356 930 1417 acriter
961 1359 1151 1420 resistebant.
1195 1359 1285 1420 lmmo
1318 1358 1477 1421 divortium

347 1465 470 1537 illorum
502 1461 561 1523 doo
593 1459 826 1538 elementorum,
858 1478 936 1539 quae
967 1461 996 1521 in
1020 1461 1162 1527 (ierintho
1192 1461 1288 1524 adhuc
1305 1463 1478 1544 'conjuncta

347 1571 505 1650 apparent,
526 1566 588 1646 jam
611 1564 641 1626 in
665 1563 823 1626 haereticis
842 1564 1031 1643 epistolarum
1050 1572 1217 1628 nostrarum
1233 1565 1343 1627 initium
1360 1567 1478 1646 cepisse

347 1672 479 1737 videtur.
517 1670 680 1748 Utrumque
702 1666 906 1730 Corinthiacae
930 1669 1093 1732 haereseos
1117 1669 1295 1732 elementum
1319 1670 1479 1732 servabant

347 1776 498 1861 Magnesii
527 1780 556 1836 et
582 1772 863 1853 Philadelphenses‚
895 1791 961 1834 cum
991 1772 1189 1836 Gnosticismo
1221 1792 1276 1836 seu
1306 1774 1477 1837 Docetismo

347 1885 448 1963 rninus
481 1879 601 1941 exculto
632 1875 815 1938 ludaismum
845 1879 1065 1960 conjungentes
1096 1876 1169 1960 (cir.
1202 1877 1238 1940 ad
1268 1878 1366 1960 Magn.
1397 1896 1422 1941 o.
1446 1874 1476 1942 9.

348 1987 389 2050 ad
405 1982 515 2048 Philad.
532 2000 558 2044 c.
571 1978 629 2062 6);
655 1979 808 2060 Smyrnaei
830 1998 904 2042 vero
930 1998 965 2041 ac
987 1980 1134 2059 Tralliani,
1158 1999 1266 2064 graeca
1289 1982 1476 2064 philosophia

347 2090 449 2172 magis
474 2085 589 2163 imboli,
611 2084 751 2144 haeresin
775 2081 990 2145 Cerinthiacam
1013 2083 1089 2147 adeo
1111 2084 1348 2166 perpoliverant,
1372 2093 1404 2150 ut
1420 2088 1474 2167 ju-

347 2195 442 2258 daico
473 2190 523 2252 illo
555 2188 702 2265 elemento
732 2187 854 2266 relicto,
886 2188 1037 2270 gnosticas
1061 2190 1155 2251 solum
1180 2192 1351 2270 opiniones,
1383 2192 1475 2273 ipsius

349 2295 490 2362 cerinthi
514 2292 632 2355 modum
655 2297 830 2373 superantes
853 2291 1002 2372 soverent,
1026 2311 1086 2374 quo
1109 2293 1227 2372 lactum,
1250 2295 1425 2377 utlgnatius
1446 2297 1476 2358 in

350 2400 491 2484 epistolis
514 2398 552 2461 ad
575 2398 774 2480 Smyrnaeus,
805 2395 1017 2480 Polycarpum,
1051 2396 1215 2459 Trallianos
1240 2395 1288 2479 (et
1309 2395 1475 2480 Ephesios)

350 2505 558 2570 Docetismum
581 2501 927 2593 solumlimpugnaverit.
972 2501 1019 2563 Ex
1048 2501 1133 2563 dictis
1162 2503 1276 2581 elucet,
1306 2501 1476 2564 haereticos

350 2615 386 2676 iu
410 2608 542 2693 epistolis
564 2608 673 2671 nostris
698 2607 823 2685 obvios,
848 2605 953 2668 mediis
974 2607 1050 2668 inter
1073 2604 1243 2668 cerinthum
1267 2612 1297 2669 et
1319 2605 1476 2668 basilidem

350 2715 537 2797 temporibus
561 2710 606 2795 (a.
628 2708 799 2793 tto-130)
822 2698 1021 2794 assignandos
1046 2728 1124 2789 esse,
1149 2710 1318 2791 quodcum
1342 2717 1478 2791 tempore

349 2819 486 2901 martyrii
502 2819 531 2882 S.
546 2817 652 2899 Ignatii
672 2817 746 2878 mire
768 2815 937 2878 concordat.
977 2815 1036 2877 Cir.
1051 2814 1258 2877 Dr'tsterdc'cclc
1274 2811 1311 2899 (t.
1328 2832 1353 2876 c.
1370 2834 1398 2896 p.
1415 2811 1477 2898 55)

350 2933 386 2990 et
420 2924 558 2986 Ublbora
593 2919 631 3003 (l.
662 2939 687 2982 c.
722 2938 749 3000 p.
773 2915 836 2983 295
860 2916 956 3001 squ).
1006 2919 1208 3006 Planefidpm
1241 2926 1357 3001 tempus
1390 2920 1477 2999 etiam

348 3029 544 3112 Hegesippus
565 3026 653 3089 nobis
672 3023 858 3086 statuendum
873 3022 979 3087 suadet
993 3023 1023 3085 in
1039 3022 1207 3105 fragmento
1224 3023 1302 3106 apud
1317 3024 1476 3086 Eusebium
1538 3034 1541 3041 “

351 3122 479 3218 (histor.
500 3130 575 3193 eccl.
597 3128 660 3208 lll,
675 3125 736 3210 32)
761 3126 883 3190 dicens:
915 3126 984 3189 inde
1012 3112 1192 3209 temporibus
1216 3129 1348 3211 martyrii
1373 3127 1401 3192 S.
1425 3127 1476 3193 si·
1533 3141 1541 3156 ·

351 3238 489 3314 meanis,
521 3235 655 3316 episcopi
678 3233 937 3314 hierosolymitani
959 3228 1001 3314 (†
1023 3249 1049 3294 a.
1076 3229 1175 3314 108),
1205 3231 1374 3294 haereticos
1398 3226 1476 3317 (lu-

350 3337 486 3422 daistas)
509 3345 596 3402 antea
613 3338 708 3419 magis
724 3338 753 3399 in
769 3337 889 3400 occulto¹
903 3342 1070 3417 serpentes,
1096 3337 1190 3419 palam
1205 3335 1360 3418 prodiisse.
1395 3318 1475 3419 (Cir.

352 3447 516 3520 Uhllaora,
547 3444 567 3506 l.
591 3461 615 3505 c.
642 3461 671 3524 p.
695 3437 789 3523 292.)
832 3442 987 3522 Denique,
1017 3440 1185 3502 haereticos
1216 3445 1336 3502 nostros
1368 3456 1428 3501 non
1460 3457 1477 3500 e

351 3567 482 3617 numero
508 3533 954 3629 posteriorum-Gnosticorum
977 3544 1088 3624 luisse,
1121 3544 1200 3606 clare
1222 3562 1262 3605 ex
1285 3561 1322 3604 eo
1346 3548 1477 3623 apparet,

351 3655 439 3740 quod
461 3654 618 3736 lgnatius,
631 3657 762 3733 excepto
781 3651 969 3728 Docetismo,
992 3657 1111 3712 ceteros
1133 3648 1334 3728 posteriorum
1354 3644 1477 3709 Gnosti-

351 3777 460 3825 corum
484 3773 605 3820 errores
629 3774 667 3818 ne
689 3756 807 3817 minime
831 3755 948 3836 quidem
972 3754 1065 3835 tangit
1084 3749 1121 3835 ¹).

410 3855 416 3866 ’
444 3859 485 3946 8)
508 3861 619 3943 Negari
643 3860 771 3942 denique
793 3879 853 3929 non
875 3866 992 3941 potest,
1021 3854 1172 3920 nonnullis
1196 3852 1336 3934 epistolas
1359 3844 1477 3915 nostras

351 3987 418 4035 non
442 3985 483 4029 ex
505 3966 633 4044 criticis,
665 3964 720 4027 sed
744 3984 783 4027 ex
806 3964 981 4048 dogmaticis
1011 3969 1122 4026 tantum
1152 3959 1249 4021 causis
1280 3958 1477 4039 displicuisse.

351 4074 545 4152 Quicumque
568 4070 646 4132 enim
668 4075 717 4132 aut
739 4069 867 4132 divinam
885 4069 1072 4150 episcopatus
1088 4065 1311 4141 institutionem,
1334 4067 1382 4123 aut
1398 4060 1478 4122 divi-

350 4144 479 4243 niffihem
496 4173 626 4253 Christi,
658 4179 707 4236 aut
729 4173 839 4237 realem
863 4174 983 4236 Domini
1013 4173 1043 4234 in
1074 4169 1254 4241 eucharistia
1281 4166 1478 4249 praesentiam

413 4290 470 4343 *v-
1398 4282 1405 4299 ,,

391 4399 422 4470 1)
442 4394 495 4451 ch.
514 4398 624 4465 'catham
642 4396 659 4450 l.
678 4413 701 4452 c.
720 4412 746 4466 p.
764 4396 799 4471 42
817 4406 844 4450 ct
861 4399 1052 4461 Ddstmdicch,
1070 4395 1087 4447 l.
1107 4411 1130 4447 c.
