<?xml version="1.0" encoding="UTF-8"?>
<!DOCTYPE html PUBLIC "-//W3C//DTD XHTML 1.0 Transitional//EN"
    "http://www.w3.org/TR/xhtml1/DTD/xhtml1-transitional.dtd">
<html xmlns="http://www.w3.org/1999/xhtml" xml:lang="en" lang="en">
 <head>
  <title>
</title>
<meta http-equiv="Content-Type" content="text/html;charset=utf-8" />
  <meta name='ocr-system' content='tesseract 3.04.00' />
  <meta name='ocr-capabilities' content='ocr_page ocr_carea ocr_par ocr_line ocrx_word'/>
</head>
<body>
  <div class='ocr_page' id='page_1' title='image "./patrumapostolic00hefegoog_0080.png"; bbox 0 0 3659 5209; ppageno 0'>
   <div class='ocr_carea' id='block_1_1' title="bbox 419 547 1558 620">
    <p class='ocr_par' dir='ltr' id='par_1_1' title="bbox 419 547 1558 620">
     <span class='ocr_line' id='line_1_1' title="bbox 419 547 1558 620; baseline -0.01 -3"><span class='ocrx_word' id='word_1_1' title='bbox 419 558 537 617; x_wconf 82' lang='lat' dir='ltr'>txxvtu</span> <span class='ocrx_word' id='word_1_2' title='bbox 854 550 1111 607; x_wconf 77' lang='lat' dir='ltr'>ruouuuouuttn.</span> <span class='ocrx_word' id='word_1_3' title='bbox 1374 547 1558 620; x_wconf 67' lang='lat' dir='ltr'>[bristout-</span> 
     </span>
    </p>
   </div>
   <div class='ocr_carea' id='block_1_2' title="bbox 352 709 1595 4148">
    <p class='ocr_par' dir='ltr' id='par_1_2' title="bbox 352 709 1595 4148">
     <span class='ocr_line' id='line_1_2' title="bbox 352 709 1553 807; baseline -0.012 -19"><span class='ocrx_word' id='word_1_4' title='bbox 352 748 361 761; x_wconf 71' lang='grc'><strong>’</strong></span> <span class='ocrx_word' id='word_1_5' title='bbox 420 722 592 807; x_wconf 85' lang='lat' dir='ltr'>pletissimi,</span> <span class='ocrx_word' id='word_1_6' title='bbox 624 715 764 795; x_wconf 87' lang='lat' dir='ltr'>omnique</span> <span class='ocrx_word' id='word_1_7' title='bbox 795 714 974 796; x_wconf 72' lang='lat' dir='ltr'>exceptione</span> <span class='ocrx_word' id='word_1_8' title='bbox 997 715 1145 796; x_wconf 77' lang='lat' dir='ltr'>majores,</span> <span class='ocrx_word' id='word_1_9' title='bbox 1177 711 1247 773; x_wconf 90' lang='lat' dir='ltr'>illud</span> <span class='ocrx_word' id='word_1_10' title='bbox 1279 709 1356 773; x_wconf 89' lang='lat' dir='ltr'>idem</span> <span class='ocrx_word' id='word_1_11' title='bbox 1381 711 1553 774; x_wconf 87' lang='lat' dir='ltr'>firmissime</span> 
     </span>
     <span class='ocr_line' id='line_1_3' title="bbox 420 816 1554 904; baseline -0.012 -11"><span class='ocrx_word' id='word_1_12' title='bbox 420 829 633 894; x_wconf 85' lang='lat' dir='ltr'>adseverant·</span> <span class='ocrx_word' id='word_1_13' title='bbox 656 824 768 885; x_wconf 88' lang='lat' dir='ltr'>Horum</span> <span class='ocrx_word' id='word_1_14' title='bbox 799 838 905 904; x_wconf 82' lang='lat' dir='ltr'>agmen</span> <span class='ocrx_word' id='word_1_15' title='bbox 936 819 1017 881; x_wconf 90' lang='lat' dir='ltr'>ducit</span> <span class='ocrx_word' id='word_1_16' title='bbox 1041 819 1208 892; x_wconf 84' lang='lat' dir='ltr'>lrenocus,</span> <span class='ocrx_word' id='word_1_17' title='bbox 1238 816 1454 899; x_wconf 81' lang='lat' dir='ltr'>Lugdunensis</span> <span class='ocrx_word' id='word_1_18' title='bbox 1490 818 1554 898; x_wconf 91' lang='lat' dir='ltr'>epi-</span> 
     </span>
     <span class='ocr_line' id='line_1_4' title="bbox 422 921 1556 1015; baseline -0.011 -17"><span class='ocrx_word' id='word_1_19' title='bbox 422 950 551 1015; x_wconf 90' lang='lat' dir='ltr'>scopus,</span> <span class='ocrx_word' id='word_1_20' title='bbox 581 936 612 991; x_wconf 91' lang='lat' dir='ltr'>et</span> <span class='ocrx_word' id='word_1_21' title='bbox 635 926 791 1009; x_wconf 79' lang='lat' dir='ltr'>Polycarpi</span> <span class='ocrx_word' id='word_1_22' title='bbox 813 925 906 988; x_wconf 89' lang='lat' dir='ltr'>nostri</span> <span class='ocrx_word' id='word_1_23' title='bbox 931 924 1109 1005; x_wconf 90' lang='lat' dir='ltr'>discipulus,</span> <span class='ocrx_word' id='word_1_24' title='bbox 1141 922 1192 1003; x_wconf 90' lang='lat' dir='ltr'>qui</span> <span class='ocrx_word' id='word_1_25' title='bbox 1222 921 1251 983; x_wconf 91' lang='lat' dir='ltr'>in</span> <span class='ocrx_word' id='word_1_26' title='bbox 1274 922 1488 1004; x_wconf 80' lang='lat' dir='ltr'>agnoscendis</span> <span class='ocrx_word' id='word_1_27' title='bbox 1511 923 1556 985; x_wconf 86' lang='lat' dir='ltr'>vel</span> 
     </span>
     <span class='ocr_line' id='line_1_5' title="bbox 424 1027 1556 1120; baseline -0.011 -19"><span class='ocrx_word' id='word_1_28' title='bbox 424 1033 616 1120; x_wconf 83' lang='lat' dir='ltr'>designandis</span> <span class='ocrx_word' id='word_1_29' title='bbox 638 1033 772 1116; x_wconf 86' lang='lat' dir='ltr'>magistri</span> <span class='ocrx_word' id='word_1_30' title='bbox 795 1032 841 1092; x_wconf 93' lang='lat' dir='ltr'>sui</span> <span class='ocrx_word' id='word_1_31' title='bbox 866 1030 998 1112; x_wconf 87' lang='lat' dir='ltr'>epistolis</span> <span class='ocrx_word' id='word_1_32' title='bbox 1021 1027 1080 1090; x_wconf 85' lang='lat' dir='ltr'>ialli</span> <span class='ocrx_word' id='word_1_33' title='bbox 1102 1046 1163 1090; x_wconf 91' lang='lat' dir='ltr'>nun</span> <span class='ocrx_word' id='word_1_34' title='bbox 1186 1033 1312 1108; x_wconf 84' lang='lat' dir='ltr'>poterat.</span> <span class='ocrx_word' id='word_1_35' title='bbox 1357 1027 1397 1088; x_wconf 90' lang='lat' dir='ltr'>ls.</span> <span class='ocrx_word' id='word_1_36' title='bbox 1414 1028 1499 1090; x_wconf 90' lang='lat' dir='ltr'>enim</span> <span class='ocrx_word' id='word_1_37' title='bbox 1523 1027 1556 1091; x_wconf 89' lang='lat' dir='ltr'>de</span> 
     </span>
     <span class='ocr_line' id='line_1_6' title="bbox 422 1119 1556 1221; baseline -0.011 -16"><span class='ocrx_word' id='word_1_38' title='bbox 422 1144 478 1206; x_wconf 85' lang='lat' dir='ltr'>hac</span> <span class='ocrx_word' id='word_1_39' title='bbox 501 1140 657 1221; x_wconf 84' lang='lat' dir='ltr'>Polycarpi</span> <span class='ocrx_word' id='word_1_40' title='bbox 682 1136 809 1219; x_wconf 85' lang='lat' dir='ltr'>epistola</span> <span class='ocrx_word' id='word_1_41' title='bbox 834 1135 907 1196; x_wconf 87' lang='lat' dir='ltr'>baec</span> <span class='ocrx_word' id='word_1_42' title='bbox 930 1134 1091 1196; x_wconf 81' lang='lat' dir='ltr'>memoriae</span> <span class='ocrx_word' id='word_1_43' title='bbox 1122 1132 1240 1194; x_wconf 91' lang='lat' dir='ltr'>tradidit</span> <span class='ocrx_word' id='word_1_44' title='bbox 1258 1131 1305 1214; x_wconf 70' lang='lat' dir='ltr'>&#39;jz</span> <span class='ocrx_word' id='word_1_45' title='bbox 1329 1119 1421 1194; x_wconf 77' lang='grc' dir='ltr'><strong><em>’Ἐστι</em></strong></span> <span class='ocrx_word' id='word_1_46' title='bbox 1446 1127 1488 1194; x_wconf 81' lang='grc' dir='ltr'>δὲ</span> <span class='ocrx_word' id='word_1_47' title='bbox 1510 1128 1556 1193; x_wconf 82' lang='grc' dir='ltr'>καί</span> 
     </span>
     <span class='ocr_line' id='line_1_7' title="bbox 422 1230 1555 1328; baseline -0.009 -18"><span class='ocrx_word' id='word_1_48' title='bbox 422 1237 578 1328; x_wconf 72' lang='grc' dir='ltr'><strong><em>ἐπιστολή</em></strong></span> <span class='ocrx_word' id='word_1_49' title='bbox 602 1232 819 1326; x_wconf 80' lang='grc' dir='ltr'><strong><em>Πολυκάρσου</em></strong></span> <span class='ocrx_word' id='word_1_50' title='bbox 843 1232 927 1325; x_wconf 75' lang='grc' dir='ltr'><strong><em>πρὸς</em></strong></span> <span class='ocrx_word' id='word_1_51' title='bbox 951 1235 1189 1321; x_wconf 81' lang='grc' dir='ltr'><strong><em>Φιλισπησίους</em></strong></span> <span class='ocrx_word' id='word_1_52' title='bbox 1210 1231 1419 1321; x_wconf 75' lang='grc' dir='ltr'><strong><em>γεγραμμένη,</em></strong></span> <span class='ocrx_word' id='word_1_53' title='bbox 1446 1230 1555 1300; x_wconf 59' lang='grc' dir='ltr'><strong><em>ἱκαναί</em></strong></span> 
     </span>
     <span class='ocr_line' id='line_1_8' title="bbox 422 1334 1557 1435; baseline -0.005 -23"><span class='ocrx_word' id='word_1_54' title='bbox 422 1341 522 1435; x_wconf 72' lang='grc' dir='ltr'><strong><em>τρίτη,</em></strong></span> <span class='ocrx_word' id='word_1_55' title='bbox 550 1345 585 1428; x_wconf 81' lang='grc' dir='ltr'>ἐξ</span> <span class='ocrx_word' id='word_1_56' title='bbox 614 1334 652 1433; x_wconf 81' lang='grc' dir='ltr'>ἧς</span> <span class='ocrx_word' id='word_1_57' title='bbox 679 1343 730 1409; x_wconf 87' lang='grc' dir='ltr'>καί</span> <span class='ocrx_word' id='word_1_58' title='bbox 757 1339 813 1407; x_wconf 81' lang='grc' dir='ltr'>τόν</span> <span class='ocrx_word' id='word_1_59' title='bbox 840 1343 1023 1429; x_wconf 70' lang='grc' dir='ltr'><strong><em>χαρακτῆρα</em></strong></span> <span class='ocrx_word' id='word_1_60' title='bbox 1051 1347 1107 1428; x_wconf 79' lang='grc' dir='ltr'>τῆς</span> <span class='ocrx_word' id='word_1_61' title='bbox 1137 1336 1278 1414; x_wconf 86' lang='grc' dir='ltr'><strong><em>πίστεως</em></strong></span> <span class='ocrx_word' id='word_1_62' title='bbox 1300 1334 1417 1418; x_wconf 76' lang='grc' dir='ltr'><strong><em>αὐτοῦ,</em></strong></span> <span class='ocrx_word' id='word_1_63' title='bbox 1448 1339 1507 1406; x_wconf 84' lang='grc' dir='ltr'>καί</span> <span class='ocrx_word' id='word_1_64' title='bbox 1526 1338 1557 1406; x_wconf 81' lang='grc' dir='ltr'>τί</span> 
     </span>
     <span class='ocr_line' id='line_1_9' title="bbox 422 1439 1556 1543; baseline -0.009 -25"><span class='ocrx_word' id='word_1_65' title='bbox 422 1451 561 1543; x_wconf 78' lang='grc' dir='ltr'><strong><em>κήριημα</em></strong></span> <span class='ocrx_word' id='word_1_66' title='bbox 589 1452 647 1538; x_wconf 83' lang='grc' dir='ltr'>τῆς</span> <span class='ocrx_word' id='word_1_67' title='bbox 668 1443 840 1536; x_wconf 71' lang='grc' dir='ltr'><strong><em>ἀληθείας,</em></strong></span> <span class='ocrx_word' id='word_1_68' title='bbox 872 1444 903 1513; x_wconf 80' lang='grc' dir='ltr'>οἱ</span> <span class='ocrx_word' id='word_1_69' title='bbox 923 1439 1132 1540; x_wconf 78' lang='grc' dir='ltr'><strong><em>βουλόμενοι,</em></strong></span> <span class='ocrx_word' id='word_1_70' title='bbox 1163 1443 1216 1509; x_wconf 83' lang='grc' dir='ltr'>καί</span> <span class='ocrx_word' id='word_1_71' title='bbox 1247 1441 1483 1534; x_wconf 70' lang='grc' dir='ltr'>φροντίζοντες</span> <span class='ocrx_word' id='word_1_72' title='bbox 1508 1448 1556 1534; x_wconf 80' lang='grc' dir='ltr'>της</span> 
     </span>
     <span class='ocr_line' id='line_1_10' title="bbox 425 1546 1555 1642; baseline -0.006 -18"><span class='ocrx_word' id='word_1_73' title='bbox 425 1556 546 1626; x_wconf 75' lang='grc' dir='ltr'><strong><em>έαατοίν</em></strong></span> <span class='ocrx_word' id='word_1_74' title='bbox 568 1553 737 1642; x_wconf 80' lang='grc' dir='ltr'><strong><em>σωτηρίας,</em></strong></span> <span class='ocrx_word' id='word_1_75' title='bbox 760 1546 906 1619; x_wconf 76' lang='grc' dir='ltr'><strong><em>δύνανται</em></strong></span> <span class='ocrx_word' id='word_1_76' title='bbox 928 1553 1107 1636; x_wconf 73' lang='grc' dir='ltr'><strong><em>μαθεῖν...</em></strong></span> <span class='ocrx_word' id='word_1_77' title='bbox 1150 1553 1265 1616; x_wconf 88' lang='lat' dir='ltr'>lrenaei</span> <span class='ocrx_word' id='word_1_78' title='bbox 1288 1555 1463 1616; x_wconf 86' lang='lat' dir='ltr'>sententiae</span> <span class='ocrx_word' id='word_1_79' title='bbox 1488 1555 1555 1617; x_wconf 89' lang='lat' dir='ltr'>sub·</span> 
     </span>
     <span class='ocr_line' id='line_1_11' title="bbox 425 1659 1556 1747; baseline -0.009 -18"><span class='ocrx_word' id='word_1_80' title='bbox 425 1666 545 1747; x_wconf 81' lang='lat' dir='ltr'>scripsit</span> <span class='ocrx_word' id='word_1_81' title='bbox 577 1662 741 1726; x_wconf 77' lang='lat' dir='ltr'>Eusebius.</span> <span class='ocrx_word' id='word_1_82' title='bbox 798 1662 844 1722; x_wconf 84' lang='lat' dir='ltr'>Ao</span> <span class='ocrx_word' id='word_1_83' title='bbox 877 1679 917 1722; x_wconf 91' lang='lat' dir='ltr'>ne</span> <span class='ocrx_word' id='word_1_84' title='bbox 951 1661 1032 1741; x_wconf 88' lang='lat' dir='ltr'>quis,</span> <span class='ocrx_word' id='word_1_85' title='bbox 1072 1659 1110 1720; x_wconf 91' lang='lat' dir='ltr'>de</span> <span class='ocrx_word' id='word_1_86' title='bbox 1145 1677 1202 1740; x_wconf 88' lang='lat' dir='ltr'>qua</span> <span class='ocrx_word' id='word_1_87' title='bbox 1236 1659 1394 1740; x_wconf 79' lang='lat' dir='ltr'>Polycarpi</span> <span class='ocrx_word' id='word_1_88' title='bbox 1433 1659 1556 1739; x_wconf 86' lang='lat' dir='ltr'>epistola</span> 
     </span>
     <span class='ocr_line' id='line_1_12' title="bbox 425 1763 1556 1850; baseline -0.006 -17"><span class='ocrx_word' id='word_1_89' title='bbox 425 1771 581 1850; x_wconf 84' lang='lat' dir='ltr'>loquatur,</span> <span class='ocrx_word' id='word_1_90' title='bbox 613 1767 700 1829; x_wconf 82' lang='lat' dir='ltr'>ullam</span> <span class='ocrx_word' id='word_1_91' title='bbox 731 1784 859 1846; x_wconf 88' lang='lat' dir='ltr'>unquam</span> <span class='ocrx_word' id='word_1_92' title='bbox 891 1766 971 1827; x_wconf 89' lang='lat' dir='ltr'>litem</span> <span class='ocrx_word' id='word_1_93' title='bbox 994 1783 1117 1826; x_wconf 86' lang='lat' dir='ltr'>movere</span> <span class='ocrx_word' id='word_1_94' title='bbox 1148 1770 1268 1845; x_wconf 88' lang='lat' dir='ltr'>posset,</span> <span class='ocrx_word' id='word_1_95' title='bbox 1300 1763 1350 1825; x_wconf 91' lang='lat' dir='ltr'>ille</span> <span class='ocrx_word' id='word_1_96' title='bbox 1383 1763 1493 1844; x_wconf 88' lang='lat' dir='ltr'>plures</span> <span class='ocrx_word' id='word_1_97' title='bbox 1525 1783 1556 1826; x_wconf 81' lang='lat' dir='ltr'>ex</span> 
     </span>
     <span class='ocr_line' id='line_1_13' title="bbox 428 1868 1556 1960; baseline -0.005 -24"><span class='ocrx_word' id='word_1_98' title='bbox 428 1874 533 1937; x_wconf 91' lang='lat' dir='ltr'>eadem</span> <span class='ocrx_word' id='word_1_99' title='bbox 557 1871 680 1953; x_wconf 92' lang='lat' dir='ltr'>epistola</span> <span class='ocrx_word' id='word_1_100' title='bbox 704 1871 799 1948; x_wconf 86' lang='lat' dir='ltr'>locos,</span> <span class='ocrx_word' id='word_1_101' title='bbox 821 1872 871 1951; x_wconf 89' lang='lat' dir='ltr'>qui</span> <span class='ocrx_word' id='word_1_102' title='bbox 894 1871 924 1932; x_wconf 92' lang='lat' dir='ltr'>in</span> <span class='ocrx_word' id='word_1_103' title='bbox 949 1889 983 1930; x_wconf 90' lang='lat' dir='ltr'>ea</span> <span class='ocrx_word' id='word_1_104' title='bbox 1001 1871 1088 1930; x_wconf 84' lang='lat' dir='ltr'>etiam</span> <span class='ocrx_word' id='word_1_105' title='bbox 1103 1887 1183 1930; x_wconf 90' lang='lat' dir='ltr'>nunc</span> <span class='ocrx_word' id='word_1_106' title='bbox 1202 1871 1407 1960; x_wconf 84' lang='lat' dir='ltr'>reperiuntur,</span> <span class='ocrx_word' id='word_1_107' title='bbox 1432 1868 1556 1931; x_wconf 86' lang='lat' dir='ltr'>fideliter</span> 
     </span>
     <span class='ocr_line' id='line_1_14' title="bbox 428 1962 1557 2058; baseline -0.005 -18"><span class='ocrx_word' id='word_1_108' title='bbox 428 1977 637 2058; x_wconf 73' lang='lat' dir='ltr'>transscripsit.</span> <span class='ocrx_word' id='word_1_109' title='bbox 673 1975 731 2039; x_wconf 90' lang='lat' dir='ltr'>-Sic</span> <span class='ocrx_word' id='word_1_110' title='bbox 754 1982 850 2037; x_wconf 90' lang='lat' dir='ltr'>autem</span> <span class='ocrx_word' id='word_1_111' title='bbox 874 1975 923 2036; x_wconf 90' lang='lat' dir='ltr'>ille</span> <span class='ocrx_word' id='word_1_112' title='bbox 940 1972 990 2058; x_wconf 59' lang='grc' dir='ltr'>Ὃς</span> <span class='ocrx_word' id='word_1_113' title='bbox 1013 1968 1080 2034; x_wconf 86' lang='grc' dir='ltr'>Καί</span> <span class='ocrx_word' id='word_1_114' title='bbox 1102 1963 1120 2034; x_wconf 85' lang='grc' dir='ltr'>ὁ</span> <span class='ocrx_word' id='word_1_115' title='bbox 1143 1963 1356 2058; x_wconf 84' lang='grc' dir='ltr'><strong><em>Ποίὺκορττος</em></strong></span> <span class='ocrx_word' id='word_1_116' title='bbox 1380 1968 1419 2035; x_wconf 83' lang='grc' dir='ltr'>δέ</span> <span class='ocrx_word' id='word_1_117' title='bbox 1438 1962 1557 2048; x_wconf 72' lang='grc' dir='ltr'><strong><em>τούτων</em></strong></span> 
     </span>
     <span class='ocr_line' id='line_1_15' title="bbox 428 2068 1566 2163; baseline -0.004 -18"><span class='ocrx_word' id='word_1_118' title='bbox 428 2071 532 2145; x_wconf 66' lang='lat' dir='ltr'>abite</span> <span class='ocrx_word' id='word_1_119' title='bbox 554 2079 764 2162; x_wconf 88' lang='lat' dir='ltr'>(epistularum</span> <span class='ocrx_word' id='word_1_120' title='bbox 789 2078 817 2140; x_wconf 87' lang='lat' dir='ltr'>S.</span> <span class='ocrx_word' id='word_1_121' title='bbox 840 2077 966 2160; x_wconf 83' lang='lat' dir='ltr'>Ignatii)</span> <span class='ocrx_word' id='word_1_122' title='bbox 988 2070 1143 2162; x_wconf 73' lang='grc' dir='ltr'><strong><em>μέμνηται</em></strong></span> <span class='ocrx_word' id='word_1_123' title='bbox 1163 2073 1195 2140; x_wconf 79' lang='grc' dir='ltr'>ἐν</span> <span class='ocrx_word' id='word_1_124' title='bbox 1214 2077 1255 2163; x_wconf 77' lang='grc' dir='ltr'>τῇ</span> <span class='ocrx_word' id='word_1_125' title='bbox 1276 2071 1442 2163; x_wconf 85' lang='grc' dir='ltr'><strong><em>φερομένη</em></strong></span> <span class='ocrx_word' id='word_1_126' title='bbox 1464 2068 1566 2141; x_wconf 60' lang='lat' dir='ltr'>attot-</span> 
     </span>
     <span class='ocr_line' id='line_1_16' title="bbox 416 2170 1556 2272; baseline -0.004 -24"><span class='ocrx_word' id='word_1_127' title='bbox 416 2182 513 2272; x_wconf 54' lang='grc' dir='ltr'><strong><em>,πρός</em></strong></span> <span class='ocrx_word' id='word_1_128' title='bbox 538 2179 971 2268; x_wconf 77' lang='grc' dir='ltr'><strong><em>Φιλιππησίουςέττιστοίῇ,</em></strong></span> <span class='ocrx_word' id='word_1_129' title='bbox 1003 2172 1133 2267; x_wconf 75' lang='grc' dir='ltr'><strong><em>φάσκων</em></strong></span> <span class='ocrx_word' id='word_1_130' title='bbox 1157 2177 1268 2257; x_wconf 73' lang='grc' dir='ltr'><strong><em>αὐτοῖς</em></strong></span> <span class='ocrx_word' id='word_1_131' title='bbox 1289 2170 1411 2266; x_wconf 73' lang='grc' dir='ltr'><strong><em>ῥήμασι</em></strong></span> <span class='ocrx_word' id='word_1_132' title='bbox 1431 2205 1463 2243; x_wconf 83' lang='grc' dir='ltr'>κ.</span> <span class='ocrx_word' id='word_1_133' title='bbox 1486 2204 1514 2247; x_wconf 92' lang='grc' dir='ltr'>τ.</span> <span class='ocrx_word' id='word_1_134' title='bbox 1535 2180 1556 2244; x_wconf 85' lang='lat' dir='ltr'>l.</span> 
     </span>
     <span class='ocr_line' id='line_1_17' title="bbox 431 2285 1556 2376; baseline -0.004 -22"><span class='ocrx_word' id='word_1_135' title='bbox 431 2290 621 2376; x_wconf 88' lang='lat' dir='ltr'>(Sequuntur</span> <span class='ocrx_word' id='word_1_136' title='bbox 643 2291 736 2352; x_wconf 86' lang='lat' dir='ltr'>verba</span> <span class='ocrx_word' id='word_1_137' title='bbox 753 2289 911 2370; x_wconf 81' lang='lat' dir='ltr'>Polycarpi</span> <span class='ocrx_word' id='word_1_138' title='bbox 935 2307 975 2349; x_wconf 85' lang='lat' dir='ltr'>ex</span> <span class='ocrx_word' id='word_1_139' title='bbox 998 2286 1098 2369; x_wconf 75' lang='lat' dir='ltr'>capii</span> <span class='ocrx_word' id='word_1_140' title='bbox 1122 2294 1151 2348; x_wconf 86' lang='lat' dir='ltr'>et</span> <span class='ocrx_word' id='word_1_141' title='bbox 1172 2285 1241 2367; x_wconf 79' lang='lat'><strong>13).</strong></span> <span class='ocrx_word' id='word_1_142' title='bbox 1284 2287 1323 2348; x_wconf 82' lang='lat' dir='ltr'>Et</span> <span class='ocrx_word' id='word_1_143' title='bbox 1346 2288 1375 2348; x_wconf 94' lang='lat' dir='ltr'>in</span> <span class='ocrx_word' id='word_1_144' title='bbox 1402 2289 1464 2351; x_wconf 91' lang='lat' dir='ltr'>alio</span> <span class='ocrx_word' id='word_1_145' title='bbox 1489 2289 1556 2351; x_wconf 88' lang='lat' dir='ltr'>libro</span> 
     </span>
     <span class='ocr_line' id='line_1_18' title="bbox 430 2379 1557 2479; baseline -0.003 -21"><span class='ocrx_word' id='word_1_146' title='bbox 430 2396 576 2458; x_wconf 83' lang='lat' dir='ltr'>Eusebius</span> <span class='ocrx_word' id='word_1_147' title='bbox 594 2392 643 2478; x_wconf 84' lang='lat'>³):</span> <span class='ocrx_word' id='word_1_148' title='bbox 674 2383 707 2456; x_wconf 83' lang='lat'>‘0</span> <span class='ocrx_word' id='word_1_149' title='bbox 736 2388 796 2472; x_wconf 90' lang='grc' dir='ltr'>μέν</span> <span class='ocrx_word' id='word_1_150' title='bbox 824 2412 876 2454; x_wconf 87' lang='grc' dir='ltr'>τοι</span> <span class='ocrx_word' id='word_1_151' title='bbox 898 2379 1114 2474; x_wconf 82' lang='grc' dir='ltr'><strong><em>Ποίίκαρττος</em></strong></span> <span class='ocrx_word' id='word_1_152' title='bbox 1143 2387 1174 2453; x_wconf 79' lang='grc' dir='ltr'>ἐν</span> <span class='ocrx_word' id='word_1_153' title='bbox 1202 2412 1254 2474; x_wconf 93' lang='grc' dir='ltr'>τη</span> <span class='ocrx_word' id='word_1_154' title='bbox 1272 2385 1459 2477; x_wconf 74' lang='grc' dir='ltr'><strong><em>ὁηίωθείση</em></strong></span> <span class='ocrx_word' id='word_1_155' title='bbox 1482 2388 1557 2479; x_wconf 80' lang='grc' dir='ltr'><strong><em>προς</em></strong></span> 
     </span>
     <span class='ocr_line' id='line_1_19' title="bbox 432 2487 1558 2583; baseline -0.002 -21"><span class='ocrx_word' id='word_1_156' title='bbox 432 2495 673 2583; x_wconf 79' lang='grc' dir='ltr'><strong><em>Φιλιππησίοσς</em></strong></span> <span class='ocrx_word' id='word_1_157' title='bbox 695 2487 793 2559; x_wconf 75' lang='grc' dir='ltr'><strong><em>αὐτοῦ</em></strong></span> <span class='ocrx_word' id='word_1_158' title='bbox 813 2495 931 2581; x_wconf 75' lang='grc' dir='ltr'><strong><em>γραφῇ,</em></strong></span> <span class='ocrx_word' id='word_1_159' title='bbox 953 2490 1111 2581; x_wconf 77' lang='grc' dir='ltr'><strong><em>φερομένη</em></strong></span> <span class='ocrx_word' id='word_1_160' title='bbox 1132 2490 1180 2568; x_wconf 87' lang='grc' dir='ltr'>εἰς</span> <span class='ocrx_word' id='word_1_161' title='bbox 1202 2492 1303 2580; x_wconf 81' lang='grc' dir='ltr'><strong><em>δεῦρο,</em></strong></span> <span class='ocrx_word' id='word_1_162' title='bbox 1324 2489 1485 2582; x_wconf 84' lang='grc' dir='ltr'><strong><em>κέχρηταί</em></strong></span> <span class='ocrx_word' id='word_1_163' title='bbox 1504 2518 1558 2562; x_wconf 85' lang='grc' dir='ltr'><strong><em>τισι</em></strong></span> 
     </span>
     <span class='ocr_line' id='line_1_20' title="bbox 429 2593 1557 2690; baseline 0 -24"><span class='ocrx_word' id='word_1_164' title='bbox 429 2598 620 2690; x_wconf 84' lang='grc' dir='ltr'><strong><em>μαρτυρίαις</em></strong></span> <span class='ocrx_word' id='word_1_165' title='bbox 644 2593 715 2663; x_wconf 82' lang='grc' dir='ltr'><strong><em>οίττό</em></strong></span> <span class='ocrx_word' id='word_1_166' title='bbox 737 2604 791 2686; x_wconf 76' lang='grc' dir='ltr'>τῆς</span> <span class='ocrx_word' id='word_1_167' title='bbox 813 2595 942 2685; x_wconf 87' lang='grc' dir='ltr'><strong><em>Πέτρου</em></strong></span> <span class='ocrx_word' id='word_1_168' title='bbox 963 2596 1124 2685; x_wconf 81' lang='grc' dir='ltr'><strong><em>προτέρας</em></strong></span> <span class='ocrx_word' id='word_1_169' title='bbox 1152 2597 1323 2684; x_wconf 82' lang='grc' dir='ltr'><strong><em>ἐπιστολῆς</em></strong></span> <span class='ocrx_word' id='word_1_170' title='bbox 1354 2599 1403 2684; x_wconf 80' lang='lat' dir='ltr'>(e.</span> <span class='ocrx_word' id='word_1_171' title='bbox 1426 2623 1460 2686; x_wconf 82' lang='lat' dir='ltr'>g.</span> <span class='ocrx_word' id='word_1_172' title='bbox 1486 2624 1513 2666; x_wconf 91' lang='lat' dir='ltr'>c.</span> <span class='ocrx_word' id='word_1_173' title='bbox 1537 2601 1557 2666; x_wconf 86' lang='lat'>1.</span> 
     </span>
     <span class='ocr_line' id='line_1_21' title="bbox 430 2701 1558 2788; baseline -0.001 -16"><span class='ocrx_word' id='word_1_174' title='bbox 430 2709 460 2774; x_wconf 77' lang='lat'>⁴2.</span> <span class='ocrx_word' id='word_1_175' title='bbox 492 2709 521 2772; x_wconf 82' lang='lat'>5.</span> <span class='ocrx_word' id='word_1_176' title='bbox 552 2708 579 2770; x_wconf 78' lang='lat'>7.</span> <span class='ocrx_word' id='word_1_177' title='bbox 612 2705 641 2769; x_wconf 87' lang='lat'>8.</span> <span class='ocrx_word' id='word_1_178' title='bbox 674 2701 743 2787; x_wconf 81' lang='lat'>10).</span> <span class='ocrx_word' id='word_1_179' title='bbox 796 2704 926 2767; x_wconf 91' lang='lat' dir='ltr'>Eusebio</span> <span class='ocrx_word' id='word_1_180' title='bbox 962 2705 1077 2767; x_wconf 88' lang='lat' dir='ltr'>accedit</span> <span class='ocrx_word' id='word_1_181' title='bbox 1107 2705 1336 2787; x_wconf 75' lang='lat' dir='ltr'>Hieronymus,</span> <span class='ocrx_word' id='word_1_182' title='bbox 1376 2708 1430 2788; x_wconf 85' lang='lat' dir='ltr'>qui</span> <span class='ocrx_word' id='word_1_183' title='bbox 1468 2709 1558 2771; x_wconf 88' lang='lat' dir='ltr'>eidem</span> 
     </span>
     <span class='ocr_line' id='line_1_22' title="bbox 431 2806 1558 2894; baseline 0.002 -20"><span class='ocrx_word' id='word_1_184' title='bbox 431 2810 576 2893; x_wconf 83' lang='lat' dir='ltr'>epistolae</span> <span class='ocrx_word' id='word_1_185' title='bbox 591 2828 675 2871; x_wconf 93' lang='lat' dir='ltr'>suum</span> <span class='ocrx_word' id='word_1_186' title='bbox 693 2827 813 2889; x_wconf 84' lang='lat' dir='ltr'>quoque</span> <span class='ocrx_word' id='word_1_187' title='bbox 830 2807 909 2870; x_wconf 90' lang='lat' dir='ltr'>dedit</span> <span class='ocrx_word' id='word_1_188' title='bbox 919 2810 1119 2872; x_wconf 91' lang='lat' dir='ltr'>testimonium</span> <span class='ocrx_word' id='word_1_189' title='bbox 1130 2806 1178 2894; x_wconf 75' lang='lat' dir='ltr'>⁴J:</span> <span class='ocrx_word' id='word_1_190' title='bbox 1200 2811 1409 2892; x_wconf 57' lang='lat' dir='ltr'>Polycarpum</span> <span class='ocrx_word' id='word_1_191' title='bbox 1424 2813 1558 2876; x_wconf 77' lang='lat' dir='ltr'>loannis</span> 
     </span>
     <span class='ocr_line' id='line_1_23' title="bbox 374 2914 1558 2996; baseline -0.001 -14"><span class='ocrx_word' id='word_1_192' title='bbox 374 2964 392 2982; x_wconf 73' lang='grc'><strong>.</strong></span> <span class='ocrx_word' id='word_1_193' title='bbox 431 2915 578 2996; x_wconf 82' lang='lat' dir='ltr'>Apostoli</span> <span class='ocrx_word' id='word_1_194' title='bbox 602 2914 794 2992; x_wconf 84' lang='lat' dir='ltr'>discipulus,</span> <span class='ocrx_word' id='word_1_195' title='bbox 825 2923 855 2975; x_wconf 88' lang='lat' dir='ltr'>et</span> <span class='ocrx_word' id='word_1_196' title='bbox 876 2914 915 2975; x_wconf 88' lang='lat' dir='ltr'>ab</span> <span class='ocrx_word' id='word_1_197' title='bbox 939 2934 976 2977; x_wconf 87' lang='lat' dir='ltr'>ec</span> <span class='ocrx_word' id='word_1_198' title='bbox 999 2914 1148 2996; x_wconf 73' lang='lat' dir='ltr'>Smyrnae</span> <span class='ocrx_word' id='word_1_199' title='bbox 1174 2918 1340 2994; x_wconf 84' lang='lat' dir='ltr'>episcopus</span> <span class='ocrx_word' id='word_1_200' title='bbox 1373 2919 1558 2992; x_wconf 66' lang='lat' dir='ltr'>ordinatum</span> 
     </span>
     <span class='ocr_line' id='line_1_24' title="bbox 433 3018 1595 3102; baseline 0.005 -21"><span class='ocrx_word' id='word_1_201' title='bbox 433 3021 536 3081; x_wconf 87' lang='lat' dir='ltr'>totius·</span> <span class='ocrx_word' id='word_1_202' title='bbox 552 3018 649 3081; x_wconf 83' lang='lat' dir='ltr'>Asiae</span> <span class='ocrx_word' id='word_1_203' title='bbox 669 3018 819 3096; x_wconf 75' lang='lat' dir='ltr'>princeps</span> <span class='ocrx_word' id='word_1_204' title='bbox 834 3019 902 3099; x_wconf 77' lang='lat' dir='ltr'>fuit</span> <span class='ocrx_word' id='word_1_205' title='bbox 921 3026 976 3083; x_wconf 91' lang='lat' dir='ltr'>etc.</span> <span class='ocrx_word' id='word_1_206' title='bbox 1020 3021 1156 3100; x_wconf 84' lang='lat' dir='ltr'>Scripsit</span> <span class='ocrx_word' id='word_1_207' title='bbox 1178 3023 1220 3083; x_wconf 87' lang='lat' dir='ltr'>ad</span> <span class='ocrx_word' id='word_1_208' title='bbox 1235 3021 1451 3102; x_wconf 76' lang='lat' dir='ltr'>Philippenses</span> <span class='ocrx_word' id='word_1_209' title='bbox 1475 3026 1559 3087; x_wconf 77' lang='lat' dir='ltr'>coldo</span> <span class='ocrx_word' id='word_1_210' title='bbox 1594 3040 1595 3047; x_wconf 53' lang='lat'>¹</span> 
     </span>
     <span class='ocr_line' id='line_1_25' title="bbox 432 3108 1559 3211; baseline 0.004 -27"><span class='ocrx_word' id='word_1_211' title='bbox 432 3108 538 3185; x_wconf 78' lang='lat' dir='ltr'>btilem</span> <span class='ocrx_word' id='word_1_212' title='bbox 561 3125 734 3204; x_wconf 84' lang='lat' dir='ltr'>epistolum,</span> <span class='ocrx_word' id='word_1_213' title='bbox 759 3141 838 3201; x_wconf 85' lang='grc' dir='ltr'><strong><em>ηαοε</em></strong></span> <span class='ocrx_word' id='word_1_214' title='bbox 859 3142 959 3203; x_wconf 74' lang='lat' dir='ltr'>iisque</span> <span class='ocrx_word' id='word_1_215' title='bbox 981 3126 1076 3189; x_wconf 86' lang='lat' dir='ltr'>bodie</span> <span class='ocrx_word' id='word_1_216' title='bbox 1099 3127 1133 3187; x_wconf 83' lang='lat' dir='ltr'>in</span> <span class='ocrx_word' id='word_1_217' title='bbox 1149 3125 1247 3188; x_wconf 84' lang='lat' dir='ltr'>Asiae</span> <span class='ocrx_word' id='word_1_218' title='bbox 1266 3135 1420 3189; x_wconf 82' lang='lat' dir='ltr'>concentu</span> <span class='ocrx_word' id='word_1_219' title='bbox 1439 3130 1559 3211; x_wconf 74' lang='lat' dir='ltr'>lepitur.</span> 
     </span>
     <span class='ocr_line' id='line_1_26' title="bbox 432 3227 1559 3309; baseline 0.005 -19"><span class='ocrx_word' id='word_1_220' title='bbox 432 3227 479 3290; x_wconf 83' lang='lat' dir='ltr'>Ex</span> <span class='ocrx_word' id='word_1_221' title='bbox 502 3228 607 3308; x_wconf 86' lang='lat' dir='ltr'>quibus</span> <span class='ocrx_word' id='word_1_222' title='bbox 630 3227 800 3308; x_wconf 80' lang='lat' dir='ltr'>Hieronymi</span> <span class='ocrx_word' id='word_1_223' title='bbox 823 3230 924 3291; x_wconf 87' lang='lat' dir='ltr'>verbis</span> <span class='ocrx_word' id='word_1_224' title='bbox 948 3229 1104 3309; x_wconf 86' lang='lat' dir='ltr'>discimus,</span> <span class='ocrx_word' id='word_1_225' title='bbox 1136 3249 1195 3293; x_wconf 92' lang='lat' dir='ltr'>non</span> <span class='ocrx_word' id='word_1_226' title='bbox 1224 3232 1319 3292; x_wconf 94' lang='lat' dir='ltr'>solum</span> <span class='ocrx_word' id='word_1_227' title='bbox 1347 3231 1383 3293; x_wconf 89' lang='lat' dir='ltr'>ab</span> <span class='ocrx_word' id='word_1_228' title='bbox 1407 3233 1462 3296; x_wconf 90' lang='lat' dir='ltr'>illo</span> <span class='ocrx_word' id='word_1_229' title='bbox 1488 3236 1559 3297; x_wconf 86' lang='lat' dir='ltr'>banc</span> 
     </span>
     <span class='ocr_line' id='line_1_27' title="bbox 434 3332 1559 3416; baseline 0.007 -21"><span class='ocrx_word' id='word_1_230' title='bbox 434 3332 588 3414; x_wconf 88' lang='lat' dir='ltr'>epistolam</span> <span class='ocrx_word' id='word_1_231' title='bbox 613 3332 778 3415; x_wconf 86' lang='lat' dir='ltr'>Polycarpo</span> <span class='ocrx_word' id='word_1_232' title='bbox 802 3333 946 3413; x_wconf 86' lang='lat' dir='ltr'>adscribi,</span> <span class='ocrx_word' id='word_1_233' title='bbox 968 3335 1022 3398; x_wconf 94' lang='lat' dir='ltr'>sed</span> <span class='ocrx_word' id='word_1_234' title='bbox 1046 3354 1112 3397; x_wconf 90' lang='lat' dir='ltr'>eam</span> <span class='ocrx_word' id='word_1_235' title='bbox 1134 3336 1273 3416; x_wconf 89' lang='lat' dir='ltr'>insuper,</span> <span class='ocrx_word' id='word_1_236' title='bbox 1298 3352 1414 3399; x_wconf 87' lang='lat' dir='ltr'>summa</span> <span class='ocrx_word' id='word_1_237' title='bbox 1437 3354 1515 3402; x_wconf 87' lang='lat' dir='ltr'>cura</span> <span class='ocrx_word' id='word_1_238' title='bbox 1535 3341 1559 3402; x_wconf 91' lang='lat' dir='ltr'>in</span> 
     </span>
     <span class='ocr_line' id='line_1_28' title="bbox 434 3436 1527 3520; baseline 0.004 -22"><span class='ocrx_word' id='word_1_239' title='bbox 434 3437 571 3499; x_wconf 89' lang='lat' dir='ltr'>ecclesiis</span> <span class='ocrx_word' id='word_1_240' title='bbox 595 3436 791 3514; x_wconf 87' lang='lat' dir='ltr'>adservatam,</span> <span class='ocrx_word' id='word_1_241' title='bbox 814 3439 854 3502; x_wconf 91' lang='lat' dir='ltr'>ibi</span> <span class='ocrx_word' id='word_1_242' title='bbox 877 3440 1005 3502; x_wconf 86' lang='lat' dir='ltr'>maximo</span> <span class='ocrx_word' id='word_1_243' title='bbox 1029 3438 1123 3503; x_wconf 87' lang='lat' dir='ltr'>luisse</span> <span class='ocrx_word' id='word_1_244' title='bbox 1146 3441 1176 3502; x_wconf 85' lang='lat' dir='ltr'>in</span> <span class='ocrx_word' id='word_1_245' title='bbox 1198 3440 1324 3520; x_wconf 85' lang='lat' dir='ltr'>pretio.“</span> <span class='ocrx_word' id='word_1_246' title='bbox 1525 3510 1527 3514; x_wconf 68' lang='lat'>,</span> 
     </span>
     <span class='ocr_line' id='line_1_29' title="bbox 510 3529 1560 3627; baseline 0.007 -23"><span class='ocrx_word' id='word_1_247' title='bbox 510 3540 601 3618; x_wconf 75' lang='lat' dir='ltr'>,His</span> <span class='ocrx_word' id='word_1_248' title='bbox 634 3549 733 3604; x_wconf 89' lang='lat' dir='ltr'>autem</span> <span class='ocrx_word' id='word_1_249' title='bbox 767 3543 860 3606; x_wconf 88' lang='lat' dir='ltr'>tribus</span> <span class='ocrx_word' id='word_1_250' title='bbox 895 3545 1135 3627; x_wconf 88' lang='lat' dir='ltr'>locupletissimis</span> <span class='ocrx_word' id='word_1_251' title='bbox 1156 3546 1296 3616; x_wconf 83' lang='lat' dir='ltr'>testibus</span> <span class='ocrx_word' id='word_1_252' title='bbox 1329 3529 1560 3610; x_wconf 87' lang='lat' dir='ltr'>innumerabiles</span> 
     </span>
     <span class='ocr_line' id='line_1_30' title="bbox 435 3645 1560 3733; baseline 0.006 -24"><span class='ocrx_word' id='word_1_253' title='bbox 435 3646 519 3724; x_wconf 88' lang='lat' dir='ltr'>alios,</span> <span class='ocrx_word' id='word_1_254' title='bbox 536 3647 562 3707; x_wconf 93' lang='lat' dir='ltr'>si</span> <span class='ocrx_word' id='word_1_255' title='bbox 578 3645 647 3726; x_wconf 88' lang='lat' dir='ltr'>quid</span> <span class='ocrx_word' id='word_1_256' title='bbox 663 3664 738 3729; x_wconf 93' lang='lat' dir='ltr'>opus</span> <span class='ocrx_word' id='word_1_257' title='bbox 756 3654 845 3733; x_wconf 86' lang='lat' dir='ltr'>esset,</span> <span class='ocrx_word' id='word_1_258' title='bbox 863 3647 1030 3730; x_wconf 85' lang='lat' dir='ltr'>adjungere</span> <span class='ocrx_word' id='word_1_259' title='bbox 1045 3666 1213 3729; x_wconf 91' lang='lat' dir='ltr'>possemus,</span> <span class='ocrx_word' id='word_1_260' title='bbox 1229 3648 1374 3726; x_wconf 88' lang='lat' dir='ltr'>Pbotium,</span> <span class='ocrx_word' id='word_1_261' title='bbox 1391 3649 1560 3729; x_wconf 84' lang='lat' dir='ltr'>Maximum,</span> 
     </span>
     <span class='ocr_line' id='line_1_31' title="bbox 435 3750 1561 3838; baseline 0.003 -24"><span class='ocrx_word' id='word_1_262' title='bbox 435 3750 656 3814; x_wconf 83' lang='lat' dir='ltr'>&#39;lbeodoretum</span> <span class='ocrx_word' id='word_1_263' title='bbox 679 3757 877 3832; x_wconf 87' lang='lat' dir='ltr'>caeterosque</span> <span class='ocrx_word' id='word_1_264' title='bbox 900 3770 1016 3831; x_wconf 90' lang='lat' dir='ltr'>omnes,</span> <span class='ocrx_word' id='word_1_265' title='bbox 1040 3752 1090 3832; x_wconf 93' lang='lat' dir='ltr'>qui</span> <span class='ocrx_word' id='word_1_266' title='bbox 1112 3752 1151 3815; x_wconf 90' lang='lat' dir='ltr'>de</span> <span class='ocrx_word' id='word_1_267' title='bbox 1175 3753 1229 3814; x_wconf 88' lang='lat' dir='ltr'>hac</span> <span class='ocrx_word' id='word_1_268' title='bbox 1252 3753 1410 3833; x_wconf 84' lang='lat' dir='ltr'>Polycarpi</span> <span class='ocrx_word' id='word_1_269' title='bbox 1435 3757 1561 3838; x_wconf 88' lang='lat' dir='ltr'>epistola</span> 
     </span>
     <span class='ocr_line' id='line_1_32' title="bbox 436 3842 1560 3944; baseline 0.005 -27"><span class='ocrx_word' id='word_1_270' title='bbox 436 3855 544 3935; x_wconf 88' lang='lat' dir='ltr'>aliquid</span> <span class='ocrx_word' id='word_1_271' title='bbox 561 3853 702 3937; x_wconf 92' lang='lat' dir='ltr'>deinceps</span> <span class='ocrx_word' id='word_1_272' title='bbox 718 3857 835 3937; x_wconf 90' lang='lat' dir='ltr'>scriptis</span> <span class='ocrx_word' id='word_1_273' title='bbox 852 3857 1074 3934; x_wconf 84' lang='lat' dir='ltr'>mandaverunt.</span> <span class='ocrx_word' id='word_1_274' title='bbox 1106 3856 1165 3919; x_wconf 89' lang='lat' dir='ltr'>Sed</span> <span class='ocrx_word' id='word_1_275' title='bbox 1181 3876 1247 3918; x_wconf 90' lang='lat' dir='ltr'>cum</span> <span class='ocrx_word' id='word_1_276' title='bbox 1262 3857 1389 3936; x_wconf 86' lang='lat' dir='ltr'>illorum,</span> <span class='ocrx_word' id='word_1_277' title='bbox 1410 3842 1493 3939; x_wconf 61' lang='lat' dir='ltr'>uiuos</span> <span class='ocrx_word' id='word_1_278' title='bbox 1504 3863 1560 3944; x_wconf 84' lang='lat' dir='ltr'>jum</span> 
     </span>
     <span class='ocr_line' id='line_1_33' title="bbox 436 3959 1561 4043; baseline 0.004 -18"><span class='ocrx_word' id='word_1_279' title='bbox 436 3959 598 4037; x_wconf 88' lang='lat' dir='ltr'>citavimus,</span> <span class='ocrx_word' id='word_1_280' title='bbox 622 3960 825 4042; x_wconf 68' lang='lat' dir='ltr'>diligentiset</span> <span class='ocrx_word' id='word_1_281' title='bbox 847 3961 906 4024; x_wconf 88' lang='lat' dir='ltr'>fide</span> <span class='ocrx_word' id='word_1_282' title='bbox 929 3962 1008 4023; x_wconf 86' lang='lat' dir='ltr'>nulla</span> <span class='ocrx_word' id='word_1_283' title='bbox 1031 3962 1127 4043; x_wconf 87' lang='lat' dir='ltr'>maj0r</span> <span class='ocrx_word' id='word_1_284' title='bbox 1150 3961 1315 4025; x_wconf 91' lang='lat' dir='ltr'>desiderari</span> <span class='ocrx_word' id='word_1_285' title='bbox 1337 3969 1445 4043; x_wconf 81' lang='lat' dir='ltr'>queat,</span> <span class='ocrx_word' id='word_1_286' title='bbox 1472 3966 1561 4030; x_wconf 81' lang='lat' dir='ltr'>inutili</span> 
     </span>
     <span class='ocr_line' id='line_1_34' title="bbox 436 4063 1561 4148; baseline 0.012 -24"><span class='ocrx_word' id='word_1_287' title='bbox 436 4063 559 4124; x_wconf 91' lang='lat' dir='ltr'>aliorum</span> <span class='ocrx_word' id='word_1_288' title='bbox 583 4066 751 4127; x_wconf 87' lang='lat' dir='ltr'>nominatim</span> <span class='ocrx_word' id='word_1_289' title='bbox 774 4065 1016 4146; x_wconf 86' lang='lat' dir='ltr'>appellandorum</span> <span class='ocrx_word' id='word_1_290' title='bbox 1037 4084 1128 4146; x_wconf 88' lang='lat' dir='ltr'>opera</span> <span class='ocrx_word' id='word_1_291' title='bbox 1144 4066 1281 4128; x_wconf 91' lang='lat' dir='ltr'>lubenter</span> <span class='ocrx_word' id='word_1_292' title='bbox 1296 4069 1561 4148; x_wconf 78' lang='lat' dir='ltr'>supersedemus‘</span> 
     </span>
    </p>
   </div>
   <div class='ocr_carea' id='block_1_3' title="bbox 435 4185 1431 4468">
    <p class='ocr_par' dir='ltr' id='par_1_3' title="bbox 435 4185 1431 4468">
     <span class='ocr_line' id='line_1_35' title="bbox 462 4185 1362 4288; baseline 0.009 -22"><span class='ocrx_word' id='word_1_293' title='bbox 462 4214 759 4284; x_wconf 68' lang='lat' dir='ltr'>&#39;1)·Adv.baer.lll,3.</span> <span class='ocrx_word' id='word_1_294' title='bbox 791 4219 864 4287; x_wconf 78' lang='lat' dir='ltr'>Apud</span> <span class='ocrx_word' id='word_1_295' title='bbox 884 4185 982 4273; x_wconf 76' lang='lat' dir='ltr'>ldmeb.</span> <span class='ocrx_word' id='word_1_296' title='bbox 1047 4203 1076 4288; x_wconf 79' lang='lat'>3)</span> <span class='ocrx_word' id='word_1_297' title='bbox 1093 4221 1157 4271; x_wconf 86' lang='lat' dir='ltr'>Hist.</span> <span class='ocrx_word' id='word_1_298' title='bbox 1177 4220 1238 4271; x_wconf 87' lang='lat' dir='ltr'>eccl.</span> <span class='ocrx_word' id='word_1_299' title='bbox 1258 4219 1300 4283; x_wconf 84' lang='lat' dir='ltr'>w,</span> <span class='ocrx_word' id='word_1_300' title='bbox 1321 4221 1362 4275; x_wconf 84' lang='lat'>1⁴.</span> 
     </span>
     <span class='ocr_line' id='line_1_36' title="bbox 435 4301 1431 4372; baseline 0.009 -19"><span class='ocrx_word' id='word_1_301' title='bbox 435 4301 500 4354; x_wconf 82' lang='lat' dir='ltr'>Hist.</span> <span class='ocrx_word' id='word_1_302' title='bbox 519 4303 580 4356; x_wconf 84' lang='lat' dir='ltr'>eccl.</span> <span class='ocrx_word' id='word_1_303' title='bbox 600 4303 643 4368; x_wconf 88' lang='lat' dir='ltr'>IV,</span> <span class='ocrx_word' id='word_1_304' title='bbox 664 4303 705 4354; x_wconf 82' lang='lat'>1⁴.</span> <span class='ocrx_word' id='word_1_305' title='bbox 779 4329 781 4333; x_wconf 94' lang='lat'>·</span> <span class='ocrx_word' id='word_1_306' title='bbox 1048 4307 1076 4372; x_wconf 76' lang='lat'>4)</span> <span class='ocrx_word' id='word_1_307' title='bbox 1095 4307 1135 4359; x_wconf 83' lang='lat' dir='ltr'>De</span> <span class='ocrx_word' id='word_1_308' title='bbox 1153 4309 1215 4362; x_wconf 80' lang='lat' dir='ltr'>viris</span> <span class='ocrx_word' id='word_1_309' title='bbox 1234 4307 1323 4363; x_wconf 77' lang='lat' dir='ltr'>illustr.</span> <span class='ocrx_word' id='word_1_310' title='bbox 1343 4323 1366 4362; x_wconf 82' lang='lat' dir='ltr'>c.</span> <span class='ocrx_word' id='word_1_311' title='bbox 1387 4308 1431 4366; x_wconf 79' lang='lat'>17.</span> 
     </span>
     <span class='ocr_line' id='line_1_37' title="bbox 472 4387 1186 4468; baseline 0 -24"><span class='ocrx_word' id='word_1_312' title='bbox 472 4388 500 4468; x_wconf 73' lang='lat'>2)</span> <span class='ocrx_word' id='word_1_313' title='bbox 520 4388 583 4444; x_wconf 79' lang='lat' dir='ltr'>Hist.</span> <span class='ocrx_word' id='word_1_314' title='bbox 604 4390 668 4445; x_wconf 84' lang='lat' dir='ltr'>eccl,</span> <span class='ocrx_word' id='word_1_315' title='bbox 686 4387 729 4461; x_wconf 87' lang='lat' dir='ltr'>tlt,</span> <span class='ocrx_word' id='word_1_316' title='bbox 748 4389 789 4447; x_wconf 82' lang='lat'>36.</span> <span class='ocrx_word' id='word_1_317' title='bbox 1184 4425 1186 4428; x_wconf 81' lang='lat'><em>.</em></span> 
     </span>
    </p>
   </div>
   <div class='ocr_carea' id='block_1_4' title="bbox 0 0 1851 5209">
    <p class='ocr_par' dir='ltr' id='par_1_4' title="bbox 0 0 1851 5209">
     <span class='ocr_line' id='line_1_38' title="bbox 0 0 1851 5209; baseline 0 0"><span class='ocrx_word' id='word_1_318' title='bbox 0 0 1851 5209; x_wconf 95' lang='lat' dir='ltr'> </span> 
     </span>
    </p>
   </div>
  </div>
 </body>
</html>
