3659 5209
638 539 829 595 ιιιιιιιιιιιιι
848 540 873 595 s.
892 540 1021 598 renem.
1039 543 1071 599 ιι.
1090 542 1132 598 ιιι
1150 543 1191 598 ιι.
1413 552 1478 618 249

329 702 524 788 iespondit:
558 704 639 775 imo,·
667 701 818 781 scriptam
846 703 925 764 enim
956 709 1018 775 eat:
1038 702 1057 788 ‘¹
1074 703 1221 767 habitabo
1251 713 1282 768 ct
1310 708 1478 776 ambulabo
1590 741 1592 744 ·

329 810 441 879 flenter·
460 802 521 873 eos.
568 809 713 890 Trajanus
736 806 912 870 sententiam
935 807 1015 870 tulit:
1036 806 1203 888 Ipnotinm,
1228 812 1478 895 potinreinna

329 913 556 992 mircnmserre
581 912 766 992 concipicnm
787 914 959 991 contendit,
976 915 1133 993 jnrsimns
1155 916 1189 977 in
1207 916 1336 981 vincalo
1356 939 1376 981 o
1393 921 1479 989 mili·

329 1019 438 1083 stone
453 1020 625 1098 conjectum
641 1016 753 1080 ohdnoi
769 1017 898 1081 liomam
914 1037 1068 1099 mopnom,
1087 1021 1177 1083 nteit
1191 1018 1479 1102 πραειιιείενανιιηι

332 1125 395 1199 qd
420 1123 655 1186 delectationem
676 1121 798 1200 populi·
842 1121 1024 1188 Sententiam
1047 1124 1124 1186 hanc
1143 1121 1211 1187 cum
1228 1133 1348 1190 sanctus
1365 1127 1480 1213 Martyr

329 1227 503 1306 audisset,
534 1245 589 1308 pro
619 1223 729 1308 gaudio
760 1225 951 1289 exclamavit:
986 1229 1108 1308 pratios
1138 1229 1194 1290 tibi
1226 1249 1304 1312 opo,
1335 1232 1479 1311 Domine,

332 1334 431 1417 {aio
454 1350 500 1392 me
520 1329 664 1410 perfecto
686 1348 763 1409 erpo
786 1337 815 1392 te
837 1332 991 1394 charitate
1014 1333 1173 1395 honorare
1192 1334 1338 1415 dipnotus
1357 1356 1402 1414 ea,
1426 1338 1481 1418 qni

347 1430 400 1501 ne
425 1456 491 1499 cam
508 1435 661 1516 Apostolo
677 1443 730 1496 too
747 1435 845 1498 Ponto
861 1435 895 1497 in
907 1435 1017 1514 ferreo
1031 1436 1159 1500 vincalo
1176 1441 1359 1519 conjeceris.
1400 1430 1487 1504 Haec*

351 1554 423 1607 cum
447 1539 580 1619 dixisset,
604 1545 633 1601 et
655 1537 739 1601 hilari
763 1540 860 1602 animo
885 1541 1003 1605 vincula
1026 1543 1219 1624 suscepisset,
1248 1563 1375 1633 cumque
1398 1547 1480 1628 prius

344 1628 474 1711 'ciasset
495 1660 552 1724 pro
581 1643 726 1721 ecclesia,
759 1650 790 1705 et
819 1660 884 1737 eanp
915 1665 981 1710 cum
1011 1646 1139 1709 lacrimis
1163 1648 1291 1712 Domino
1324 1669 1482 1714 commen-

354 1748 467 1826 dasset,
490 1748 582 1809 instar
601 1748 701 1809 arietis
721 1745 932 1840 insignis,‘qui
952 1752 1108 1835 egregiam
1127 1770 1253 1836 gregem
1272 1753 1361 1834 ducit,
1386 1755 1481 1819 lerina

356 1861 387 1919 et
422 1854 539 1916 militari
574 1852 734 1915 acerbitate
769 1847 926 1937 correptus
960 1862 1024 1934 est,
1062 1855 1254 1921 abducendus
1288 1859 1410 1923 Romam
1445 1859 1481 1924 ad

356 1965 474 2045 pastum
498 1963 687 2020 cruentarum
715 1955 854 2018 terarum.
978 1970 980 1975 ·

624 2251 675 2331 tlt.
721 2251 864 2335 lanatico
885 2249 1049 2333 Smyrnam
1070 2255 1208 2335 nooipot.

428 2376 521 2438 'Cum
544 2375 633 2438 multa
656 2356 904 2457 ergo-alacritate
936 2380 966 2436 et
995 2375 1123 2455 laetitia,
1152 2376 1282 2458 patiendi
1313 2379 1483 2459 cupiditate,

356 2481 516 2549 Antiochia
532 2481 699 2544 Seleuciam
713 2479 877 2559 descendit,
900 2487 930 2542 et
941 2479 1026 2542 illinc
1041 2481 1110 2543 navi
1125 2488 1230 2544 vectus
1246 2486 1308 2559 est3
1332 2501 1482 2563 quumque

357 2568 457 2670 ‘post
480 2585 588 2648 multos
611 2585 729 2648 labores
752 2585 788 2648 ad
812 2583 1035 2667 Smyrnensinm
1057 2586 1161 2648 urbem
1185 2586 1365 2669 adpulisset,
1393 2587 1481 2650 nmlta

355 2712 428 2757 cum
450 2691 559 2754 laetitia
583 2691 692 2753 anavi
716 2689 887 2770 descendit,
919 2707 955 2752 ao
985 2697 1118 2752 sanctum
1140 2690 1352 2773 Polycarpum,
1376 2692 1486 2773 Smyr-'

356 2798 497 2862 mensium
520 2796 702 2877 episcopum,
726 2793 873 2876 quondam
889 2793 1130 2876 condiscipulum
1152 2784 1247 2875 sunm,
1271 2797 1375 2859 videre
1395 2795 1483 2859 festi·

355 2903 474 2967 navit-
495 2901 624 2963 Fuerant
660 2899 736 2961 enim
776 2898 844 2962 olim
883 2899 976 2961 sancti
1014 2899 1142 2980 apostoli
1178 2899 1301 2965 loannis
1330 2899 1482 2981 discipuli.

341 2991 448 3088 ¹Apud
466 3023 553 3085 quem
575 3005 763 3084 diversatus,
778 3021 843 3067 cnm
865 3003 1145 3084 eum'spiritualium
1164 2987 1370 3068 charismatum
1388 2995 1484 3087 parti-

356 3113 455 3193 cipem
478 3108 622 3188 fecisset,
640 3110 703 3171 suis
728 3111 815 3172 etiam
838 3109 964 3172 vinculis
988 3114 1069 3170 esset
1091 3109 1256 3193 gloriatus,
1279 3111 1383 3173 orabat
1405 3129 1483 3189 eum,
1552 3104 1559 3150 ’·

351 3221 391 3279 -ut
412 3214 502 3277 vellet
524 3215 708 3295 propositum
731 3214 822 3295 ipsius
845 3213 1017 3298 *adjuvare
1024 3236 1034 3292 3
1068 3222 1098 3278 et
1129 3218 1255 3279 maxime
1285 3215 1403 3298 quidem
1426 3206 1485 3279 hoc

355 3320 487 3402 rogabat
510 3325 600 3389 totam
624 3319 780 3381 ecclesiam
805 3317 1007 3402 (exceperant
1021 3320 1108 3382 enim
1131 3327 1263 3383 sanctum
1287 3321 1366 3383 illum
1387 3321 1482 3383 virum

357 3425 495 3489 civitates
513 3431 605 3505 atque
629 3424 776 3486 ecclesian
800 3423 892 3487 Asiae
914 3444 969 3506 per
992 3426 1151 3506 episcopos
1185 3431 1214 3487 et
1236 3425 1430 3506 presbyteros
1454 3431 1485 3486 et

359 3528 529 3607 diaconos,
555 3548 619 3592 cum
654 3545 758 3590 omnes
787 3528 824 3590 ad
854 3547 922 3592 eum
953 3528 1145 3608 festinarent,
1177 3531 1203 3591 si
1234 3528 1313 3592 torte
1341 3525 1485 3608 ⁵partem

359 3632 545 3697 charismatis
583 3634 743 3715 spiritualis
780 3635 816 3695 ab
856 3652 893 3696 eo
914 3631 1128 3717 acciperent)
1137 3654 1147 3710 3
1191 3650 1226 3696 ac
1264 3651 1335 3715 prae
1374 3631 1484 3694 ceteris

360 3745 495 3802 sanctum
510 3738 714 3821 Polycarpum,
738 3745 770 3801 ut
793 3740 877 3802 citius
900 3758 955 3822 per
977 3739 1067 3818 feras,
1091 3712 1301 3820 inconspicuus
1323 3734 1484 3825 inmundo

360 3842 469 3923 iactus,
492 3861 591 3906 coram
617 3842 735 3907 Christo
759 3851 956 3925 compareret.
1504 3834 1506 3837 ’

447 4034 495 4096 lV.
538 4033 683 4115 lp'notine
705 4035 819 4098 scribit
837 4035 997 4116 ecclesiis,
1018 4032 1204 4115 praesertim
1225 4018 1398 4097 Romanae.

448 4156 548 4237 Atque
570 4135 645 4249 haec
668 4158 711 4221 sic
734 4154 851 4242 dicebat
881 4165 911 4221 at
943 4159 987 4228 sic
1017 4157 1254 4237 contestabatur,
1284 4155 1484 4238 usqueadeo
1533 4197 1537 4204 ·

358 4292 484 4363 lgnetiam
497 4288 698 4360 gloriamartyr‘ii
709 4292 824 4358 donaret,
838 4294 912 4363 eique
974 4296 1002 4361 5)
1021 4293 1071 4347 cn.
1084 4290 1163 4346 llam.
1185 4292 1209 4359 l,
1229 4291 1270 4346 tt.
1318 4369 1323 4376 ἱ

359 4377 528 4438 communem
545 4377 689 4450 praeberet.
710 4381 848 4436 (intercus.
