3659 5209
338 534 403 600 344
577 521 715 578 uununu
734 518 869 577 Piston.
908 516 1003 572 tisun
1021 517 1041 571 1.
1078 515 1164 570 VISIO
1182 515 1229 569 tv.

339 690 485 756 dubitasti.
530 685 613 750 Vade
636 703 722 767 ergo,
745 691 775 745 et
797 700 904 746 enarra
929 680 1033 743 electis
1056 679 1111 741 Dei
1135 677 1290 762 magnalia
1315 676 1417 760 ipsius,
1440 686 1466 740 et

339 797 421 859 dices
444 793 510 872 illis,
533 789 612 872 quod
636 779 729 852 bestia
753 789 827 850 baeo
850 786 946 868 figura
970 791 1015 847 est
1034 801 1198 865 pressurae
1219 788 1466 864 superventurae.

340 901 372 966 Si
396 916 469 981 ergo
492 893 742 978 praeparaveritis
767 910 833 970 νοε,

341 1002 351 1041 ¹
369 992 565 1089 ἕκφείξεσθε
594 992 648 1083 τήν
670 990 827 1082 ἐνέργειαν
848 991 889 1056 τὲ
921 993 1079 1076 ¹poteritis
1103 991 1243 1076 effugere
1264 993 1359 1073 illam,
1382 995 1406 1057 si
1420 1012 1468 1056 con

340 1103 444 1194 dypie,
467 1098 520 1169 ἐάν
541 1098 690 1189 r‘aoodt'o
704 1096 790 1180 ὑμῶν
804 1093 890 1184 γένη·
921 1104 1052 1161 vestrum
1082 1097 1171 1161 suerit
1203 1115 1317 1178 purum
1349 1099 1467 1162 aesino

340 1232 394 1275 rua
414 1201 544 1295 καθαροὶ
567 1204 619 1271 καὶ
640 1196 774 1297 deame?
917 1203 1040 1281 macula,

341 1322 371 1380 et
403 1316 536 1395 reliquos
572 1313 636 1376 dies
672 1314 749 1376 vitae
783 1316 903 1373 vestrae
936 1308 1102 1373 servieritis
1134 1307 1218 1369 Deo.
1237 1307 1309 1370 sine
1343 1309 1468 1388 querela.

342 1397 515 1483 ‘Immune
538 1418 758 1483 sollicitudines·
770 1422 886 1478 vestras
902 1432 994 1496 super
1009 1413 1176 1492 Dominum,
1201 1418 1233 1474 et
1248 1413 1320 1494 ipse
1346 1410 1469 1497 ³diriget

343 1542 403 1589 eas.
449 1523 568 1586 Credite
591 1524 674 1603 Deo,
707 1522 756 1603 qui
780 1521 851 1583 estis
878 1517 975 1597 dubii,
1006 1518 1144 1598 quoniam
1168 1516 1269 1580 omnia
1296 1524 1414 1598 potest,
1442 1527 1469 1581 et

344 1636 482 1693 evertere
512 1630 584 1691 iram
614 1646 697 1690 suam
721 1646 741 1700 a,
760 1625 862 1703 vobis,
894 1631 925 1686 et
954 1624 1070 1685 mittere
1091 1622 1177 1686 vobis
1193 1623 1369 1702 praesidia.
1414 1624 1467 1686 Vae

343 1734 439 1816 dubiis
462 1733 515 1810 iis,
546 1733 596 1813 qui
619 1731 767 1801 audierint
790 1731 882 1793 verba·
904 1728 990 1807 haee,
1014 1715 1045 1790 ε’)
1068 1728 1290 1791 contemserint
1298 1749 1309 1804 3
1344 1725 1467 1790 ⁴metius

346 1842 412 1900 erat
433 1836 490 1898 illis
513 1854 575 1897 non
600 1835 710 1897 nasoi.“
1159 1906 1162 1910 ¹

430 1940 475 2002 ut.
508 1939 694 2024 Interrogavi
710 1958 773 2002 eam
790 1938 828 2000 de
844 1939 900 2007 iilis
917 1945 1045 2019 quatuor
1061 1936 1225 2018 coloribuS,
1250 1956 1334 2019 quos
1351 1937 1467 2002 habebat

344 2045 438 2108 bestia
472 2045 502 2107 in
536 2046 639 2126 capite.
686 2043 724 2106 At
757 2044 804 2105 itta
835 2042 987 2125 respondit
1018 2041 1087 2103 mibi
1119 2041 1242 2105 dicens:
1283 2045 1413 2123 „iterum
1443 2051 1467 2105 tu

346 2150 481 2212 curiosus
501 2167 544 2228 es,
569 2150 606 2212 de
622 2149 712 2212 rebus
729 2147 897 2230 hujusmodi
912 2146 1129 2228 interrogans.“
1161 2145 1198 2207 Et
1216 2147 1297 2209 dixi:
1326 2148 1467 2227 „domina

347 2254 517 2317 demonstra
540 2256 620 2341 mibi,
645 2254 714 2334 quid
738 2255 796 2315 sint
818 2252 896 2314 itta.“
947 2250 1074 2330 „Audi‚“
1099 2251 1210 2332 inquit:
1237 2252 1337 2329 „ittud
1362 2255 1468 2337 nigrum
1511 2336 1512 2344 ἵ

347 2359 472 2424 mundus
488 2367 544 2439 est,
567 2360 596 2421 in
613 2377 672 2438 quo
690 2356 930 2421 commoramini:
954 2357 1073 2438 igneum
1093 2362 1189 2419 autem
1206 2362 1237 2418 et
1253 2359 1469 2440 sanguinolen·
1511 2358 1512 2369 ’

346 2471 416 2544 tum,
433 2466 578 2546 -quoniam
603 2470 722 2544 oportet
743 2461 876 2526 seculum
900 2460 958 2523 boo
981 2480 1036 2542 per
1054 2460 1233 2543 sanguinem
1251 2468 1283 2524 et
1300 2464 1403 2546 ignem
1418 2463 1468 2526 de·

346 2554 445 2651 perire
454 2589 463 2644 3
488 2587 577 2630 aurea
602 2575 698 2630 eutem
722 2585 790 2648 pars
807 2583 863 2651 vos
880 2566 962 2643 estis,
982 2566 1036 2645 *qui
1060 2563 1073 2602 ⁵
1089 2564 1237 2646 effugistis
1254 2569 1394 2631 seculum
1410 2569 1468 2632 boo.

347 2669 460 2744 ⁶Sicut
484 2674 560 2735 enim
583 2673 760 2753 perignem
784 2690 887 2734 aurum
910 2670 1054 2752 probatur
1078 2677 1107 2731 et
1129 2670 1199 2731 utile
1224 2670 1256 2732 iit
1264 2692 1274 2746 3
1300 2676 1348 2739 sio
1371 2679 1401 2736 et
1421 2689 1469 2734 vos

347 2778 531 2859 probamini,
567 2778 617 2856 qui
648 2776 784 2839 habitatis
815 2777 844 2838 in
870 2770 963 2838 ⁷itlts.
1008 2776 1065 2848 Oui
1091 2776 1179 2858 igitur
1200 2781 1425 2857 permanserint
1444 2784 1470 2840 et

347 2884 609 2966 perseveraverint
633 2888 663 2942 et
681 2882 797 2962 probati
813 2881 924 2943 fuerint
939 2880 975 2942 ab
999 2873 1078 2958 θεῖε,
1101 2881 1320 2963 purgabuntur.
1351 2883 1388 2945 Et
1403 2884 1469 2946 sieut

349 3006 452 3062 aurum
477 2985 660 3063 emundatur,
684 2992 712 3046 et
735 2986 855 3049 remittit
877 2985 998 3049 sordem
1021 3003 1121 3062 suam;
1144 2986 1188 3056 sio
1207 2993 1238 3049 et
1254 3006 1314 3051 vos
1332 2989 1469 3071 abjicietis

348 3109 465 3154 omnem
497 3090 639 3151 tristitiam
669 3091 900 3172 etangustiam,
934 3097 964 3152 et
987 3089 1214 3152 emundabimini
1238 3091 1278 3167 in]
1294 3099 1469 3155 structuram

348 3197 446 3260 turris.
478 3195 553 3258 Alba
576 3202 674 3256 autem
697 3215 765 3278 pars
788 3197 998 3279 superventuri
1021 3202 1068 3258 est
1090 3194 1195 3272 seouli,
1219 3194 1248 3260 in
1273 3215 1338 3276 quo
1358 3198 1470 3260 habita-

348 3301 420 3362 bunt
442 3299 529 3361 electi
553 3300 617 3381 Dei,
637 3302 779 3387 ,quoniam
803 3301 977 3364 immaculati
1000 3307 1030 3363 et
1053 3301 1119 3382 puri
1143 3305 1231 3362 erunt
1253 3299 1350 3364 electi·
1367 3303 1424 3365 Dei
1445 3304 1471 3363 in

348 3407 437 3468 vitam
461 3410 619 3469 aeternam.
651 3407 695 3468 Tu
717 3423 791 3488 ergo
815 3426 854 3469 ne
877 3389 995 3469 desinas
1018 3406 1100 3491 toqui
1117 3385 1191 3468 liaeo
1206 3407 1333 3469 auribus
1350 3415 1470 3469 sancto·

348 3527 422 3570 rum.
468 3508 588 3572 Habetis
622 3518 652 3572 et
684 3510 807 3592 figuram
838 3512 1033 3593 tribulationis
1065 3517 1307 3592 superventurae
1341 3530 1470 3595 magnae.

349 3613 422 3674 Nam
446 3613 550 3691 sivos
575 3614 738 3692 volueritis,
762 3609 949 3678 ⁹nihil'erit.
995 3615 1027 3677 ln
1051 3622 1148 3676 mente
1171 3614 1280 3677 habete
1305 3617 1381 3702 istap
1400 3635 1471 3699 quae

348 3718 532 3800 praescripta
547 3720 645 3782 sunt.“
671 3718 750 3781 Haec
767 3738 856 3799 quum
873 3721 1008 3800 dixisset,
1024 3718 1170 3781 discessit.
1202 3719 1270 3783 Non
1287 3722 1350 3783 vidi
1368 3729 1471 3798 autem,

385 3924 413 3992 1)
433 3929 512 3979 clem.
523 3922 698 3978 Alamsnom.
709 3923 785 3990 tub.
799 3941 824 3992 p.
836 3925 894 3977 596.
958 3924 986 3989 5)
1006 3921 1057 3975 cfr.
1076 3922 1099 3974 11
1116 3922 1183 3975 Petr.
1202 3923 1228 3989 2,
1248 3924 1292 3974 20.

349 4009 390 4061 ed.
411 4011 502 4062 venet.
796 4058 801 4065 ,
958 4012 988 4075 6)
1008 4011 1059 4064 cfr.
1079 4009 1089 4060 Ι
1107 4008 1174 4062 Petr.
1195 4010 1218 4074 1,
1239 4011 1263 4062 7.
1319 4041 1322 4045 -

385 4097 413 4163 2)
433 4096 473 4150 va.
493 4097 535 4161 54,
554 4094 596 4148 23.
632 4096 810 4169 ttaaah.o,25.
834 4097 894 4150 Luc.
958 4098 986 4162 7)
1004 4097 1023 4148 i.
1044 4113 1067 4148 e.
1088 4095 1161 4161 hujus
1180 4098 1266 4148 muudi
1285 4099 1440 4155 hominibus.

351 4183 393 4251 12,
413 4183 455 4234 22.
484 4181 547 4233 Phil.
568 4183 592 4248 d,
611 4183 636 4238 6.
887 4212 890 4217 ·
960 4184 989 4252 8)
1008 4183 1212 4237 Sebomiuibus
1230 4185 1306 4251 bujus
1325 4189 1414 4240 secuti.

385 4271 414 4335 3)
433 4267 698 4325 ItucodexLambeth.
718 4270 896 4353 Atiitdtra'ffl.
959 4270 988 4340 9)
1005 4270 1024 4321 l.
1045 4286 1067 4322 e.
1093 4281 1144 4321 uon
1167 4271 1242 4324 vobis
1265 4276 1385 4342 nocebit,
1411 4279 1473 4329 sicut

385 4357 415 4435 4)
434 4355 519 4420 ttatttn
537 4356 581 4424 26,
600 4356 642 4409 24.
671 4356 747 4433 itane.
759 4359 810 4435 142
821 4359 871 4421 21.
924 4357 1033 4435 Hermae
1050 4346 1131 4435 bestia
1149 4359 1192 4416 itta
1209 4375 1263 4413 non
1280 4365 1379 4423 nocuit.
