3659 5209
498 500 524 556 Β.
543 498 725 557 rotrcaurt
743 484 964 556 urtsrota'nu
986 503 1222 559 tuburuusrrs.
1242 506 1272 559 V.
1292 507 1334 563 tl.
1417 511 1481 577 263

350 660 497 725 mandato
520 679 556 724 ac
578 662 730 726 voluntate
753 664 818 746 ejus
841 664 1001 729 ambulare.
1047 663 1185 734 Similiter
1208 667 1324 730 diaconi
1347 668 1376 731 iu
1400 688 1478 733 con·

350 773 462 848 spectu
488 768 620 849 justitiae
651 769 717 850 ejus
747 770 885 850 inculpati
916 788 986 831 esse
1016 768 1143 848 debent,
1176 771 1252 833 sicut
1280 773 1403 835 ministri
1427 774 1482 837 Dei

342 867 413 949 ‚¹et
431 870 547 951 Christi,
569 888 631 935 uon
647 871 815 950 homiuum;
839 893 878 936 ne
900 875 1128 938 calumniatores
1144 875 1211 952 sint,
1235 894 1274 938 ne
1297 873 1481 960 ²bilingues,

350 995 415 1039 nec
437 978 535 1056 avari,
568 977 622 1039 sed
650 979 841 1053 ,continentes
872 981 901 1042 in
932 982 1086 1058 omnibuS,
1118 980 1344 1060 misericordes,
1376 983 1481 1064 seduli,

350 1082 533 1145 incedentes
551 1085 637 1165 juxta
661 1085 815 1147 veritatem
832 1085 959 1164 Domini,
982 1087 1032 1166 qui
1055 1074 1184 1149 onmium
1208 1083 1366 1149 ³ruinister
1386 1087 1481 1153 iactus

339 1194 422 1275 :est3
456 1188 503 1249 cui
527 1189 604 1252 siin
628 1190 686 1252 boc
708 1189 811 1252 seculo
835 1190 1051 1271 placuerimus,
1083 1190 1262 1272 recipiemus
1289 1199 1319 1253 et
1341 1190 1480 1272 futurum,

351 1292 603 1372 quemadmodum
637 1293 783 1376 pollicitus
818 1301 865 1358 est
900 1295 1004 1372 nubis,
1041 1295 1120 1375 quod
1155 1296 1343 1358 resuscitabit
1375 1314 1431 1358 nos
1462 1315 1481 1359 e

350 1399 490 1476 mortuis,
508 1398 657 1479 quodque,
675 1399 701 1462 si
718 1395 832 1481 ⁴digne
851 1400 916 1480 ipso
933 1402 1076 1478 vivamus,
1097 1397 1212 1463 ⁵etiom
1229 1421 1296 1464 cum
1312 1420 1347 1463 eo
1364 1420 1479 1481 repne-

352 1501 467 1577 bimus,
490 1503 635 1582 siquidem
659 1503 815 1567 credimus.
858 1506 950 1569 Simili
973 1507 1063 1569 ruodo
1086 1514 1117 1569 et
1135 1509 1265 1589 juvenes
1288 1507 1317 1571 iu
1341 1508 1477 1570 onruibus

352 1607 550 1690 inculpabiles
573 1611 641 1688 siut,
666 1617 733 1672 aute
757 1613 854 1673 omnia
877 1605 994 1685 solliciti
1017 1611 1055 1675 de
1077 1615 1221 1692 castitate,
1245 1632 1280 1675 ac
1295 1631 1329 1675 se
1345 1613 1381 1673 ab
1399 1612 1478 1674 omui

351 1713 433 1776 malo
456 1712 654 1779 refrenantes.
700 1714 813 1777 Bonum
844 1717 922 1781 euim
952 1724 1015 1797 est,
1047 1713 1208 1781 ⁶abscindi
1232 1738 1253 1780 a·
1271 1718 1479 1799 cupiditatibus

355 1813 468 1902 'hujus
487 1820 596 1898 muudi,
620 1822 688 1901 quia
709 1820 804 1884 curnis
826 1816 1013 1902 ⁸cupiditos
1028 1823 1143 1885 militat
1158 1824 1312 1885 adversus
1325 1823 1478 1902 spiritum,

352 1931 384 1989 et
408 1919 529 2004 ⁹nequa
549 1925 736 2003 fornicarii,
768 1946 867 2006 neque
888 1929 1016 2004 molles,
1049 1947 1147 2008 neque
1170 1929 1378 1991 masculorum
1401 1947 1478 1991 con·

353 2030 510 2109 cubituras
533 2049 660 2121 raparum
682 2030 743 2091 Dei
763 2032 989 2110 possidebunt,
1024 2050 1122 2112 neque
1153 2032 1203 2112 qui
1225 2032 1335 2094 absona
1359 2031 1477 2097 iaciunt.

346 2135 456 2218 „Quare
479 2142 596 2216 oportet
619 2136 654 2197 ab
679 2135 724 2197 bis
748 2137 1074 2215 omnibus'abstinere,
1102 2131 1126 2172 ¹⁰
1138 2137 1243 2218 subjici
1266 2144 1363 2199 autem
1386 2157 1478 2220 pres·
1566 2148 1568 2153 '

352 2241 470 2324 byteris
502 2247 532 2303 et
560 2239 711 2319 diaconis,
744 2247 882 2321 tanquam
912 2242 977 2303 Deo
1011 2247 1040 2302 et
1072 2241 1206 2317 Christo,
1241 2242 1371 2324 virgines
1404 2262 1477 2329 vero

353 2352 475 2427 oportet
498 2345 528 2408 in
551 2345 735 2425 immaculata
759 2352 788 2407 et
811 2326 891 2409 casta
914 2346 1096 2410 conscientia
1119 2347 1242 2428 degere.

484 2538 530 2602 VI.
564 2536 693 2619 Officia
712 2538 966 2622 presbyterorum
988 2547 1018 2601 et
1039 2539 1147 2620 officia
1170 2536 1351 2602 communia.
1422 2576 1424 2578 -

443 2659 479 2722 Et
502 2661 668 2743 presbyteri
691 2662 750 2723 sint
772 2661 809 2724 ad
833 2663 1121 2726 commiserationem
1144 2662 1242 2743 proni,
1268 2657 1478 2721 misericordes

352 2782 426 2846 erga
451 2772 593 2843 cumms,
618 2766 785 2828 aberrantia
809 2767 1007 2845 reducentes,
1031 2767 1184 2829 visitantes
1208 2766 1339 2829 infirmos
1363 2781 1478 2842 omues,

346 2887 413 2933 nou
448 2871 638 2953 negligentes
675 2871 811 2950 viduam,
846 2879 896 2934 aut
929 2871 1089 2953 pupillum,
1124 2879 1183 2940 aut,
1205 2889 1383 2952 pauperem3
1423 2870 1477 2931 sed

355 2972 375 3012 ¹¹
390 2975 521 3037 solliciti
537 2994 657 3054 semper
674 2974 713 3035 de
732 2975 815 3038 bono
835 2995 943 3039 coram
957 2976 1025 3039 Deo
1041 2985 1071 3038 et
1085 2975 1282 3053 bominibus,
1296 2975 1478 3051 abstinentes

351 3080 388 3144 ab
413 3082 494 3143 omni
516 3081 569 3161 ira,
593 3082 767 3162 acceptione
790 3099 1001 3163 personarum,
1020 3080 1133 3164 judicio
1157 3082 1266 3164 injusto
1274 3099 1285 3157 3
1309 3079 1400 3162 louge
1422 3098 1478 3142 re-

351 3183 496 3247 cedentes
519 3186 556 3248 ab
580 3186 659 3248 omni
682 3186 822 3264 avaritia3
847 3205 908 3249 non
924 3188 982 3249 cito
1000 3187 1158 3250 credentes
1175 3186 1318 3249 adversus
1334 3184 1478 3265 atiquem;

351 3308 414 3353 nou
443 3291 544 3353 severi
571 3291 690 3353 nimium
721 3292 750 3352 iu
775 3291 909 3373 judicio,
942 3291 1090 3366 scientes,
1118 3310 1175 3354 nos
1198 3307 1301 3354 omues
1327 3288 1479 3353 debitores

350 3413 422 3461 esse
444 3395 568 3476 peccati.
611 3392 634 3431 ¹²
645 3396 676 3459 Si
692 3413 767 3477 ergo
785 3396 982 3477 deprecamur
997 3396 1164 3471 Dominum,
1187 3401 1218 3456 ut
1238 3394 1323 3456 nobis
1345 3393 1478 3471 dimittat,

350 3500 497 3563 debemus
529 3507 559 3561 et
590 3516 646 3563 nos
678 3500 840 3578 dimittere3
870 3519 938 3563 nam
972 3519 1072 3564 coram
1095 3501 1213 3564 Domini
1246 3507 1276 3561 et
1298 3499 1354 3561 Dei
1385 3499 1479 3560 oculis

349 3624 465 3686 sumus,
487 3612 517 3668 et
537 3603 560 3643 ¹³
573 3625 677 3669 omnes
692 3616 762 3670 cute
784 3607 924 3670 tribuual
940 3605 1060 3668 Christi
1075 3614 1172 3685 stura,
1194 3613 1223 3666 et
1236 3618 1478 3685 unumquemque

346 3740 467 3807 λεὺσομεν
486 3759 542 3795 cum
561 3743 715 3809 codd.,ruou
728 3741 904 3810 βασιλεύσωμεν
967 3745 995 3808 9)
1013 3743 1024 3795 1
1044 3741 1101 3794 Cor.
1121 3743 1145 3808 6,
1167 3742 1201 3793 9.·
1213 3741 1254 3792 10.

349 3847 411 3885 cum
431 3829 501 3883 libris
520 3832 658 3897 impressis.
686 3834 827 3892 Jacorsorr.
950 3830 995 3897 10)
1014 3830 1168 3896 Polycarpus
1198 3829 1311 3897 episcopi
1339 3843 1390 3879 nou
1420 3826 1482 3878 iacit

387 3918 418 3983 6)
437 3916 473 3969 lta
491 3918 648 3969 Jacobsouus
666 3934 705 3981 ex
726 3918 803 3968 tribus
829 3919 903 3972 codd.
931 3920 1102 3983 mentionem,
1130 3918 1224 3986 quippe
1246 3918 1303 3984 qui,
1327 3915 1481 3967 verecundia
1554 3905 1558 3912 ’

347 4014 378 4059 et
406 4013 459 4058 vet.
487 4004 638 4072 interprete.
680 4005 745 4057 biale
773 4005 815 4056 alii
842 4000 904 4055 α’να-
931 4005 1075 4073 impeditus,
1088 4021 1146 4056 eum
1157 4003 1238 4055 nollet
1250 4003 1384 4056 cohortari.
1415 4000 1481 4052 vide

345 4089 488 4143 κὺπτεσθαι
505 4111 541 4140 =
558 4108 697 4162 amarpere.
731 4146 736 4155 ,
931 4096 1024 4154 Bolbe,
1042 4096 1102 4162 Δια).
1122 4107 1146 4158 p.
1165 4091 1216 4142 toa
1234 4108 1272 4160 sq.

387 4179 418 4248 7)
438 4179 540 4234 Addidit
551 4179 709 4250 Jacobsorrus
729 4181 778 4228 τῶν
796 4196 828 4232 ex
847 4181 903 4235 cod.
951 4180 994 4243 11)
1013 4179 1086 4231 Rom.
1108 4180 1149 4244 12,
1171 4178 1210 4230 17.
1234 4176 1257 4229 ll
1275 4177 1332 4231 Cor.
1350 4176 1377 4244 8,
1394 4175 1436 4228 21.

347 4267 432 4320 uarro.
951 4268 995 4333 12)
1015 4266 1144 4331 unzin-o,
1165 4267 1204 4318 12.
1226 4267 1267 4320 m,
1332 4308 1335 4313 Α

386 4354 417 4407 8)
436 4351 447 4405 l
465 4351 531 4406 Patr.
550 4353 576 4419 2,
599 4354 639 4407 ll.
823 4404 828 4411 ,
951 4354 997 4422 13)
1016 4354 1087 4406 Rom.
1108 4356 1150 4421 14,
1171 4355 1211 4408 10.
1232 4354 1272 4406 12.
