3659 5209
437 525 503 593 354
646 519 937 575 conducturos
971 521 1067 576 LIBER
1085 521 1116 576 li.
1150 521 1303 576 nunno.
1323 523 1356 578 V.

436 677 517 770 τσίτρ
544 677 629 748 ἐστίν
652 671 736 768 ὑπὲρ
757 675 795 744 ad
817 675 906 759 με’λι,
936 673 988 742 καί
1013 681 1043 744 in
1073 682 1135 764 ipsa
1160 689 1384 762 commoratum
1416 702 1483 748 nam
1505 686 1563 748 irn-

437 780 611 876 εἷίχρρστός
633 785 702 852 ἐστι
727 784 775 870 τῷ
796 780 909 872 κυρίῳ,
934 782 987 847 καὶ
1014 789 1119 851 cundia
1134 789 1244 852 inutilis
1261 797 1320 851 cst.
1344 791 1376 854 Si
1390 809 1470 872 ergo
1481 793 1563 853 mixta

436 890 469 959 ἐν
491 885 575 978 αι’τῇ
595 891 749 956 κατοικεῖ·
774 879 794 975 ἡ
818 885 854 952 δὲ
876 884 986 967 ὀξυχο-
1014 891 1103 953 fuerit
1139 892 1294 956 iracundia
1334 896 1561 976 aequanimitati,

436 996 492 1061 λία
525 995 580 1082 τήν
609 990 834 1082 μακροθυμίαν
861 988 986 1075 μιαίνει.
1013 997 1225 1061 contribulatur
1247 999 1380 1077 animno,

437 1111 467 1166 et
489 1122 549 1166 non
573 1111 620 1165 est
642 1102 719 1164 utitis
743 1101 808 1162 Deo
836 1100 931 1162 oratio
954 1099 1060 1163 iilius.“
1090 1100 1128 1162 Et
1151 1101 1212 1164 dixi
1234 1103 1295 1164 itti:
1322 1103 1459 1182 ,vellem
1476 1105 1562 1182 scire,

435 1207 571 1286 domine,
602 1207 761 1287 nequitiam
795 1203 983 1281 iracundiae,
1014 1211 1045 1266 ut
1075 1205 1238 1269 custodiam
1268 1226 1319 1269 me
1341 1209 1383 1270 ab
1409 1207 1488 1270 iila.“
1531 1208 1562 1270 Et

435 1312 508 1373 dixit
531 1312 617 1374 mihi:
643 1312 761 1391 ,scies;
785 1317 814 1371 et
837 1310 862 1371 si
885 1327 947 1371 non
970 1308 1147 1372 custodieris
1169 1319 1199 1373 te
1215 1312 1251 1374 ab
1266 1312 1328 1391 ilia,
1352 1313 1472 1394 perdes
1487 1332 1561 1396 spen

435 1424 513 1479 tuam
537 1436 602 1479 cum
625 1423 687 1479 tota
710 1416 798 1477 domo
821 1420 879 1477 tua.
908 1414 968 1478 Sed
990 1413 1101 1476 recede
1124 1415 1160 1477 ab
1183 1415 1240 1477 ilia.
1271 1414 1339 1498 Ego
1368 1420 1452 1480 enim
1472 1425 1560 1480 tecum

433 1538 498 1583 sum
522 1522 641 1583 nuntius
656 1519 820 1601 aequitatis,
843 1526 873 1581 et
890 1535 1004 1596 omncs,
1027 1520 1077 1598 qui
1097 1519 1133 1581 ab
1149 1538 1184 1580 ea
1200 1520 1360 1600 recedunt,
1387 1524 1560 1604 quicumque

433 1626 644 1707 poenitentiam
669 1625 849 1706 egerint-ex
873 1624 942 1685 totis
964 1624 1150 1703 praecordiis
1169 1625 1248 1704 suis,
1272 1626 1391 1689 vivent.
1406 1628 1491 1704 De03
1512 1628 1557 1690 sed

433 1737 464 1791 et
494 1746 559 1790 cum
589 1729 645 1790 iitis
677 1747 749 1805 ero,
782 1733 811 1788 et
839 1727 1026 1789 conservabo
1057 1747 1179 1805 omnes;
1207 1730 1363 1811 justificati
1395 1734 1477 1795 cnim
1499 1739 1557 1795 sunt

433 1849 554 1910 omnes,
578 1833 628 1912 qui
651 1832 861 1912 poenitentiam
885 1833 1021 1913 egerint,
1046 1851 1063 1895 a
1086 1835 1273 1897 sanctissimo
1298 1838 1440 1899 nuntio.“

481 1924 610 1997 ’Ἄκουε
632 1930 669 1998 δὲ
689 1930 741 1996 καί
759 1930 813 2018 τήν
827 1930 982 2020 ἐνέργειαν
1053 1938 1086 2001 ΙΙ.
1134 1939 1268 2018 ¹,Audi
1303 1941 1428 2021 nunc,“
1463 1942 1555 2022 inquit,

434 2037 490 2123 τῆς
526 2030 710 2119 ὀξσχσλίας,
751 2038 823 2112 πῶς
859 2028 982 2124 πονηρά
1012 2045 1189 2124 „nequitiam
1234 2043 1433 2124 iracundiae,
1479 2064 1554 2125 quam

432 2138 528 2220 ἐστιν,
549 2140 601 2206 καί
624 2141 730 2227 πλανᾷ
752 2138 828 2218 τούς
844 2141 981 2218 δούλους
1008 2166 1100 2228 prava
1131 2166 1278 2229 quamque
1308 2149 1404 2211 noxia
1437 2156 1504 2228 est,
1530 2154 1554 2208 et

431 2246 493 2309 τοῦ
517 2246 597 2324 oei,
627 2245 682 2311 καί
703 2243 918 2334 καταστρέφει
941 2248 983 2332 τῇ
1010 2270 1069 2331 quo
1101 2260 1187 2334 pacto
1217 2269 1326 2314 servos
1356 2253 1417 2315 Dei
1448 2254 1552 2315 evertit.

431 2346 544 2436 ἑαυτῆς
566 2348 721 2438 ἐνεργείᾳ·
737 2345 792 2417 οὐκ
805 2343 983 2437 αλπσπλανᾷ
1009 2357 1065 2431 Qui
1094 2357 1171 2419 enirn
1193 2356 1274 2437 pleni
1296 2363 1370 2419 sunt
1393 2357 1473 2436 iide,
1503 2375 1552 2419 non

433 2452 470 2520 δὲ
498 2452 574 2531 τούς
606 2449 700 2533 ὄντας
726 2447 856 2544 πλήρεις
884 2454 916 2520 ἐν
942 2456 982 2541 τῇ
1007 2467 1108 2543 potest
1145 2479 1256 2524 nocere
1293 2461 1374 2541 ittis,
1421 2465 1552 2543 quonian

433 2559 552 2638 πίστει,
575 2553 650 2626 οὐδὲ
671 2560 831 2651 ἐνεργῆσαι
851 2552 981 2624 δύναται
1008 2567 1102 2629 virtus
1125 2566 1183 2627 Dei
1203 2573 1249 2628 est
1271 2585 1339 2629 cum
1364 2569 1425 2631 iilis
1432 2589 1443 2645 3
1470 2587 1552 2631 ever·

432 2659 479 2739 εἰς
500 2662 628 2744 nicode,
658 2660 706 2731 ὅτι
729 2664 749 2753 ἡ
770 2659 902 2747 δύναμις
923 2665 982 2730 τοῦ
1008 2671 1043 2732 tit
1078 2671 1156 2732 enim
1192 2669 1298 2732 dubios
1334 2677 1366 2732 et
1402 2669 1420 2721 ²
1436 2691 1551 2736 vacuos.

431 2766 543 2854 κυρίου
563 2768 631 2853 μετ’
653 2762 757 2835 αὐτῶν
773 2767 875 2835 ἐστιν·
898 2761 981 2833 ἄλλα
1009 2775 1133 2848 Quoties
1183 2781 1281 2836 autem
1329 2773 1444 2838 uiderit
1487 2777 1551 2838 talos

432 2865 605 2961 ᾰπσπλανᾷ
653 2869 730 2948 τούς
773 2871 935 2961 ὀιψνίχοσς
957 2873 980 2934 ².
1008 2879 1161 2956 homines,
1197 2877 1289 2959 injicit
1325 2894 1363 2940 se
1401 2881 1435 2944 in
1470 2880 1551 2944 corda

434 2970 530 3042 Ὅταν
551 2973 611 3068 γιὶρ
641 2979 696 3066 ἴδῃ
717 2971 793 3052 τούς
812 2970 981 3053 τοιούτους
1008 3001 1128 3061 eorum,
1160 2978 1219 3044 ³et
1246 2980 1283 3043 de
1313 2982 1411 3047 nihilo
1444 2993 1495 3048 aut
1514 2987 1551 3047 vir

430 3074 626 3171 ἀνθρώπους
636 3076 881 3161 εὐπαθοῦντες,
893 3105 978 3169 παρ·
1007 3093 1056 3149 aut
1088 3087 1192 3148 mulier
1225 3086 1457 3152 amaritudinem
1487 3107 1550 3173 per-

430 3185 582 3268 εμβσίλλει
610 3182 722 3272 ἑαυτήν
750 3182 797 3262 εἰς
821 3184 879 3272 τήν
900 3209 978 3273 noq-
1007 3191 1076 3272 cipit
1111 3196 1235 3273 propter
1265 3207 1335 3270 res,
1375 3211 1458 3272 quae
1492 3197 1551 3255 sunt

430 3288 500 3356 δίαν
521 3292 580 3356 τοῦ
601 3281 796 3377 ανθρώπου·
824 3287 904 3355 3καί
927 3289 980 3355 oii-
1006 3295 1035 3355 in
1059 3311 1130 3373 usu,
1163 3302 1213 3370 aut
1234 3312 1289 3377 pro
1313 3297 1481 3376 convictu,
1510 3300 1551 3356 aut

428 3418 493 3471 τως
509 3392 709 3482 πικραίνεται
723 3385 979 3481 ἄνθρωπσςὲνε-
1005 3415 1061 3478 μισ
1107 3399 1206 3478 aliquo
1249 3398 1364 3478 verbo,
1412 3401 1440 3461 si
1479 3398 1550 3481 quod

430 3521 480 3564 κεν
516 3499 675 3578 βιωτικῶν
710 3494 921 3585 πραγμάτων,
958 3490 980 3585 ἢ
1006 3500 1091 3563 sorte
1108 3500 1226 3580 incidit,
1261 3519 1477 3583 supervacuo,
1509 3506 1552 3565 aut

430 3598 528 3690 φίλον
542 3600 637 3681 τινὸς,
659 3601 679 3689 ἢ
698 3600 774 3690 περί
788 3595 912 3678 δόσεως
926 3599 979 3668 καί
1004 3622 1061 3684 pro
1088 3605 1183 3667 amico
1210 3605 1329 3685 aliquo,
1360 3613 1415 3669 aut
1449 3607 1551 3684 debito,

429 3698 569 3791 λήψεως,
592 3698 614 3793 ἢ
635 3705 713 3794 περὶ
734 3699 892 3772 τοιούτων
904 3729 979 3787 μια-
1004 3713 1055 3772 aut
1097 3726 1153 3789 pro
1197 3708 1246 3798 his
1279 3708 1429 3774 similibus
1467 3712 1552 3774 rebus

429 3810 494 3896 ρων
508 3802 714 3898 πραγμάτων.
749 3810 859 3875 Ταῦτα
873 3801 978 3874 πάντα
1004 3813 1208 3893 supervacuis.
1252 3811 1335 3874 Haec
1366 3815 1450 3876 enim
1472 3815 1551 3877 stulta

428 3906 522 4004 μωριί
545 3914 632 3983 ἐστιν
653 3912 707 3979 καί
721 3908 793 3980 κεναὶ
806 3912 859 3979 καί
874 3906 976 3994 dorin-
1003 3923 1072 3980 sunt
1109 3923 1139 3979 et
1175 3930 1364 3997 supervacua
1412 3925 1445 3980 et
1482 3935 1552 3980 vana

372 4114 378 4129 ι
428 4141 431 4146 ,
465 4089 493 4157 1)
512 4088 551 4140 Ex
568 4088 668 4157 [Docta.
696 4092 730 4144 cd
756 4092 872 4144 Actiaci.
904 4104 930 4139 n.
950 4087 975 4141 5.
1003 4085 1094 4139 nuliius
1103 4087 1550 4152 momentibominesencerbantnr‚

427 4194 453 4247 p.
475 4177 526 4230 253
545 4192 600 4244 aeq.
625 4213 629 4226 .
905 4182 908 4187 '
1004 4190 1027 4225 e.
1046 4190 1072 4242 g.
1091 4171 1196 4243 propter
1212 4191 1270 4242 ree,
1288 4191 1358 4244 quae
1373 4177 1411 4229 ad
1430 4176 1550 4248 quotidin-

463 4264 492 4328 2)
511 4263 553 4316 Sc.
571 4267 626 4332 μελε.
1002 4277 1074 4312 num.
1090 4262 1158 4314 vitae
1187 4277 1276 4329 usum,
1306 4271 1352 4316 ant
1380 4265 1491 4329 victura⁸
1507 4270 1550 4316 etc-

464 4350 494 4418 3)
511 4348 531 4401 1.
552 4366 574 4403 e.
604 4359 709 4420 propter
737 4364 780 4403 rer
808 4348 904 4402 minimi
933 4345 977 4401 vei
1001 4348 1137 4416 pertinent.
1216 4388 1227 4428 n.
