<?xml version="1.0" encoding="UTF-8"?>
<!DOCTYPE html PUBLIC "-//W3C//DTD XHTML 1.0 Transitional//EN"
    "http://www.w3.org/TR/xhtml1/DTD/xhtml1-transitional.dtd">
<html xmlns="http://www.w3.org/1999/xhtml" xml:lang="en" lang="en">
 <head>
  <title>
</title>
<meta http-equiv="Content-Type" content="text/html;charset=utf-8" />
  <meta name='ocr-system' content='tesseract 3.04.00' />
  <meta name='ocr-capabilities' content='ocr_page ocr_carea ocr_par ocr_line ocrx_word'/>
</head>
<body>
  <div class='ocr_page' id='page_1' title='image "./patrumapostolic00hefegoog_0419.png"; bbox 0 0 3659 5209; ppageno 0'>
   <div class='ocr_carea' id='block_1_1' title="bbox 634 507 1484 582">
    <p class='ocr_par' dir='ltr' id='par_1_1' title="bbox 634 507 1484 582">
     <span class='ocr_line' id='line_1_1' title="bbox 634 507 1484 582; baseline 0.009 -20"><span class='ocrx_word' id='word_1_1' title='bbox 634 507 791 563; x_wconf 72' lang='lat' dir='ltr'><strong>ttrtsrom</strong></span> <span class='ocrx_word' id='word_1_2' title='bbox 810 508 854 561; x_wconf 79' lang='lat' dir='ltr'><strong>Al)</strong></span> <span class='ocrx_word' id='word_1_3' title='bbox 874 507 1076 565; x_wconf 70' lang='lat' dir='ltr'><strong>urbanarum</strong></span> <span class='ocrx_word' id='word_1_4' title='bbox 1094 508 1137 563; x_wconf 88' lang='lat' dir='ltr'><strong>Xl.</strong></span> <span class='ocrx_word' id='word_1_5' title='bbox 1156 509 1210 563; x_wconf 88' lang='lat' dir='ltr'><strong>llll.</strong></span> <span class='ocrx_word' id='word_1_6' title='bbox 1420 515 1484 582; x_wconf 82' lang='grc'><strong>319</strong></span> 
     </span>
    </p>
   </div>
   <div class='ocr_carea' id='block_1_2' title="bbox 329 632 1569 758">
    <p class='ocr_par' dir='ltr' id='par_1_2' title="bbox 329 632 1569 758">
     <span class='ocr_line' id='line_1_2' title="bbox 329 632 1569 758; baseline -0.002 -18"><span class='ocrx_word' id='word_1_7' title='bbox 329 670 467 751; x_wconf 65' lang='lat' dir='ltr'><strong>&#39;doctor</strong></span> <span class='ocrx_word' id='word_1_8' title='bbox 490 672 538 736; x_wconf 85' lang='lat' dir='ltr'><strong>fio.</strong></span> <span class='ocrx_word' id='word_1_9' title='bbox 584 671 667 745; x_wconf 87' lang='lat' dir='ltr'><strong>Quae</strong></span> <span class='ocrx_word' id='word_1_10' title='bbox 690 671 759 733; x_wconf 89' lang='lat' dir='ltr'><strong>mibi</strong></span> <span class='ocrx_word' id='word_1_11' title='bbox 779 671 884 735; x_wconf 87' lang='lat' dir='ltr'><strong>lladita</strong></span> <span class='ocrx_word' id='word_1_12' title='bbox 906 680 985 757; x_wconf 91' lang='lat' dir='ltr'><strong>sunt,</strong></span> <span class='ocrx_word' id='word_1_13' title='bbox 1008 672 1197 736; x_wconf 91' lang='lat' dir='ltr'><strong>subministro</strong></span> <span class='ocrx_word' id='word_1_14' title='bbox 1213 673 1258 753; x_wconf 84' lang='lat' dir='ltr'><strong>iis,</strong></span> <span class='ocrx_word' id='word_1_15' title='bbox 1283 674 1334 755; x_wconf 89' lang='lat' dir='ltr'><strong>qui</strong></span> <span class='ocrx_word' id='word_1_16' title='bbox 1349 673 1484 758; x_wconf 86' lang='lat' dir='ltr'><strong>discipuli</strong></span> <span class='ocrx_word' id='word_1_17' title='bbox 1494 632 1502 751; x_wconf 25' lang='grc'><strong>,1</strong></span> <span class='ocrx_word' id='word_1_18' title='bbox 1567 715 1569 720; x_wconf 93' lang='lat'>-</span> 
     </span>
    </p>
   </div>
   <div class='ocr_carea' id='block_1_3' title="bbox 329 776 1484 1828">
    <p class='ocr_par' dir='ltr' id='par_1_3' title="bbox 329 776 1484 1827">
     <span class='ocr_line' id='line_1_3' title="bbox 329 776 1483 862; baseline 0.001 -19"><span class='ocrx_word' id='word_1_19' title='bbox 329 776 434 860; x_wconf 64' lang='lat' dir='ltr'><strong>„flunt</strong></span> <span class='ocrx_word' id='word_1_20' title='bbox 465 778 545 862; x_wconf 83' lang='lat' dir='ltr'>digni</span> <span class='ocrx_word' id='word_1_21' title='bbox 568 778 710 840; x_wconf 80' lang='lat' dir='ltr'><strong>veritate.</strong></span> <span class='ocrx_word' id='word_1_22' title='bbox 758 779 830 852; x_wconf 82' lang='lat' dir='ltr'><strong>Quis</strong></span> <span class='ocrx_word' id='word_1_23' title='bbox 862 779 939 841; x_wconf 92' lang='lat' dir='ltr'><strong>enirn</strong></span> <span class='ocrx_word' id='word_1_24' title='bbox 971 787 1054 843; x_wconf 91' lang='lat' dir='ltr'><strong>recle</strong></span> <span class='ocrx_word' id='word_1_25' title='bbox 1087 779 1212 842; x_wconf 90' lang='lat' dir='ltr'><strong>edoctus</strong></span> <span class='ocrx_word' id='word_1_26' title='bbox 1244 785 1273 840; x_wconf 91' lang='lat' dir='ltr'><strong>et</strong></span> <span class='ocrx_word' id='word_1_27' title='bbox 1302 780 1338 841; x_wconf 93' lang='lat' dir='ltr'><strong>ab</strong></span> <span class='ocrx_word' id='word_1_28' title='bbox 1363 779 1483 844; x_wconf 87' lang='lat' dir='ltr'><strong>¹amico</strong></span> 
     </span>
     <span class='ocr_line' id='line_1_4' title="bbox 329 866 1484 971; baseline -0.001 -21"><span class='ocrx_word' id='word_1_29' title='bbox 329 866 460 971; x_wconf 63' lang='lat' dir='ltr'><strong>¹„Verbo</strong></span> <span class='ocrx_word' id='word_1_30' title='bbox 483 890 655 966; x_wconf 84' lang='lat' dir='ltr'><strong>generatus,</strong></span> <span class='ocrx_word' id='word_1_31' title='bbox 679 900 739 946; x_wconf 92' lang='lat' dir='ltr'><strong>non</strong></span> <span class='ocrx_word' id='word_1_32' title='bbox 755 884 873 946; x_wconf 79' lang='lat' dir='ltr'><strong>studeat</strong></span> <span class='ocrx_word' id='word_1_33' title='bbox 888 892 1027 948; x_wconf 90' lang='lat' dir='ltr'><strong>accurate</strong></span> <span class='ocrx_word' id='word_1_34' title='bbox 1044 883 1170 964; x_wconf 81' lang='lat' dir='ltr'>discere,</span> <span class='ocrx_word' id='word_1_35' title='bbox 1195 904 1271 966; x_wconf 90' lang='lat' dir='ltr'><strong>quae</strong></span> <span class='ocrx_word' id='word_1_36' title='bbox 1287 905 1341 967; x_wconf 93' lang='lat' dir='ltr'><strong>per</strong></span> <span class='ocrx_word' id='word_1_37' title='bbox 1355 887 1484 949; x_wconf 84' lang='lat' dir='ltr'>Verbum</span> 
     </span>
     <span class='ocr_line' id='line_1_5' title="bbox 329 988 1484 1079; baseline 0.001 -26"><span class='ocrx_word' id='word_1_38' title='bbox 329 988 442 1079; x_wconf 51' lang='lat' dir='ltr'><strong>*clarc</strong></span> <span class='ocrx_word' id='word_1_39' title='bbox 466 996 587 1052; x_wconf 89' lang='lat' dir='ltr'><strong>ostensa</strong></span> <span class='ocrx_word' id='word_1_40' title='bbox 610 995 678 1052; x_wconf 92' lang='lat' dir='ltr'><strong>sunt</strong></span> <span class='ocrx_word' id='word_1_41' title='bbox 703 989 864 1070; x_wconf 80' lang='lat' dir='ltr'><strong>discipulis,</strong></span> <span class='ocrx_word' id='word_1_42' title='bbox 888 989 995 1069; x_wconf 91' lang='lat' dir='ltr'><strong>quibus</strong></span> <span class='ocrx_word' id='word_1_43' title='bbox 1012 1009 1047 1052; x_wconf 91' lang='lat' dir='ltr'><strong>ea</strong></span> <span class='ocrx_word' id='word_1_44' title='bbox 1064 989 1225 1053; x_wconf 79' lang='lat' dir='ltr'><strong>declaravit</strong></span> <span class='ocrx_word' id='word_1_45' title='bbox 1240 991 1368 1055; x_wconf 91' lang='lat' dir='ltr'><strong>Verbum</strong></span> <span class='ocrx_word' id='word_1_46' title='bbox 1389 990 1484 1073; x_wconf 92' lang='lat' dir='ltr'><strong>ipsum</strong></span> 
     </span>
     <span class='ocr_line' id='line_1_6' title="bbox 329 1080 1483 1195; baseline -0.002 -35"><span class='ocrx_word' id='word_1_47' title='bbox 329 1080 519 1195; x_wconf 49' lang='lat' dir='ltr'><strong>{apparens</strong></span> <span class='ocrx_word' id='word_1_48' title='bbox 541 1095 636 1157; x_wconf 93' lang='lat' dir='ltr'><strong>libere</strong></span> <span class='ocrx_word' id='word_1_49' title='bbox 653 1094 790 1174; x_wconf 89' lang='lat' dir='ltr'><strong>loquens,</strong></span> <span class='ocrx_word' id='word_1_50' title='bbox 813 1094 849 1155; x_wconf 92' lang='lat' dir='ltr'><strong>ab</strong></span> <span class='ocrx_word' id='word_1_51' title='bbox 867 1093 1027 1157; x_wconf 82' lang='lat' dir='ltr'><strong>incredulis</strong></span> <span class='ocrx_word' id='word_1_52' title='bbox 1043 1113 1103 1158; x_wconf 94' lang='lat' dir='ltr'><strong>non</strong></span> <span class='ocrx_word' id='word_1_53' title='bbox 1120 1095 1309 1173; x_wconf 88' lang='lat' dir='ltr'><strong>intellectum,</strong></span> <span class='ocrx_word' id='word_1_54' title='bbox 1333 1096 1483 1175; x_wconf 85' lang='lat' dir='ltr'><strong>discipulis</strong></span> 
     </span>
     <span class='ocr_line' id='line_1_7' title="bbox 329 1197 1484 1293; baseline -0.003 -28"><span class='ocrx_word' id='word_1_55' title='bbox 329 1209 457 1293; x_wconf 49' lang='lat' dir='ltr'><strong>:tutem</strong></span> <span class='ocrx_word' id='word_1_56' title='bbox 481 1201 656 1282; x_wconf 91' lang='lat' dir='ltr'><strong>colloquens</strong></span> <span class='ocrx_word' id='word_1_57' title='bbox 664 1220 673 1275; x_wconf 89' lang='lat'>;</span> <span class='ocrx_word' id='word_1_58' title='bbox 698 1199 756 1280; x_wconf 81' lang='lat' dir='ltr'><strong>qui,</strong></span> <span class='ocrx_word' id='word_1_59' title='bbox 779 1197 885 1261; x_wconf 87' lang='lat' dir='ltr'><strong>fideles</strong></span> <span class='ocrx_word' id='word_1_60' title='bbox 909 1200 945 1262; x_wconf 91' lang='lat' dir='ltr'><strong>ab</strong></span> <span class='ocrx_word' id='word_1_61' title='bbox 970 1219 1006 1265; x_wconf 90' lang='lat' dir='ltr'><strong>en</strong></span> <span class='ocrx_word' id='word_1_62' title='bbox 1031 1200 1204 1279; x_wconf 86' lang='lat' dir='ltr'><strong>existimati,</strong></span> <span class='ocrx_word' id='word_1_63' title='bbox 1228 1199 1321 1262; x_wconf 89' lang='lat' dir='ltr'><strong>Patris</strong></span> <span class='ocrx_word' id='word_1_64' title='bbox 1344 1201 1484 1280; x_wconf 81' lang='lat' dir='ltr'><strong>mysteria</strong></span> 
     </span>
     <span class='ocr_line' id='line_1_8' title="bbox 329 1303 1484 1399; baseline -0.005 -28"><span class='ocrx_word' id='word_1_65' title='bbox 329 1305 593 1399; x_wconf 58' lang='lat' dir='ltr'><strong>52wgnoverunt‘l</strong></span> <span class='ocrx_word' id='word_1_66' title='bbox 640 1304 730 1388; x_wconf 85' lang='lat' dir='ltr'><strong>Cujus</strong></span> <span class='ocrx_word' id='word_1_67' title='bbox 762 1305 806 1365; x_wconf 89' lang='lat' dir='ltr'><strong>rei</strong></span> <span class='ocrx_word' id='word_1_68' title='bbox 836 1306 931 1386; x_wconf 84' lang='lat' dir='ltr'><strong>gratia</strong></span> <span class='ocrx_word' id='word_1_69' title='bbox 960 1306 1008 1367; x_wconf 91' lang='lat' dir='ltr'><strong>bic</strong></span> <span class='ocrx_word' id='word_1_70' title='bbox 1031 1305 1161 1367; x_wconf 87' lang='lat' dir='ltr'><strong>Verbum</strong></span> <span class='ocrx_word' id='word_1_71' title='bbox 1192 1305 1284 1385; x_wconf 82' lang='lat' dir='ltr'><strong>misit,</strong></span> <span class='ocrx_word' id='word_1_72' title='bbox 1316 1311 1348 1367; x_wconf 96' lang='lat' dir='ltr'><strong>ut</strong></span> <span class='ocrx_word' id='word_1_73' title='bbox 1375 1303 1484 1367; x_wconf 93' lang='lat' dir='ltr'><strong>mundo</strong></span> 
     </span>
     <span class='ocr_line' id='line_1_9' title="bbox 329 1409 1484 1503; baseline -0.002 -30"><span class='ocrx_word' id='word_1_74' title='bbox 329 1418 518 1503; x_wconf 55' lang='lat' dir='ltr'><strong>ppppareret</strong></span> <span class='ocrx_word' id='word_1_75' title='bbox 526 1432 535 1488; x_wconf 83' lang='lat'>3</span> <span class='ocrx_word' id='word_1_76' title='bbox 558 1410 648 1492; x_wconf 91' lang='lat' dir='ltr'><strong>quod,</strong></span> <span class='ocrx_word' id='word_1_77' title='bbox 672 1410 817 1491; x_wconf 89' lang='lat' dir='ltr'><strong>apopulo</strong></span> <span class='ocrx_word' id='word_1_78' title='bbox 834 1416 1023 1489; x_wconf 86' lang='lat' dir='ltr'><strong>contemtum,</strong></span> <span class='ocrx_word' id='word_1_79' title='bbox 1046 1411 1082 1472; x_wconf 91' lang='lat' dir='ltr'><strong>ab</strong></span> <span class='ocrx_word' id='word_1_80' title='bbox 1099 1409 1251 1492; x_wconf 84' lang='lat' dir='ltr'><strong>Apostolis</strong></span> <span class='ocrx_word' id='word_1_81' title='bbox 1274 1410 1484 1491; x_wconf 88' lang='lat' dir='ltr'><strong>praedicatum,</strong></span> 
     </span>
     <span class='ocr_line' id='line_1_10' title="bbox 329 1510 1483 1612; baseline 0 -36"><span class='ocrx_word' id='word_1_82' title='bbox 329 1510 374 1612; x_wconf 51' lang='lat'><strong>3⁴·</strong></span> <span class='ocrx_word' id='word_1_83' title='bbox 397 1515 540 1600; x_wconf 81' lang='lat' dir='ltr'><strong>gentibus</strong></span> <span class='ocrx_word' id='word_1_84' title='bbox 564 1521 609 1578; x_wconf 91' lang='lat' dir='ltr'><strong>est</strong></span> <span class='ocrx_word' id='word_1_85' title='bbox 632 1514 784 1578; x_wconf 91' lang='lat' dir='ltr'><strong>creditum.</strong></span> <span class='ocrx_word' id='word_1_86' title='bbox 829 1514 883 1577; x_wconf 89' lang='lat' dir='ltr'><strong>llic</strong></span> <span class='ocrx_word' id='word_1_87' title='bbox 899 1517 935 1577; x_wconf 89' lang='lat' dir='ltr'><strong>ab</strong></span> <span class='ocrx_word' id='word_1_88' title='bbox 952 1516 1034 1578; x_wconf 89' lang='lat' dir='ltr'><strong>initio</strong></span> <span class='ocrx_word' id='word_1_89' title='bbox 1056 1522 1128 1594; x_wconf 80' lang='lat' dir='ltr'><strong>erat,</strong></span> <span class='ocrx_word' id='word_1_90' title='bbox 1152 1516 1201 1596; x_wconf 93' lang='lat' dir='ltr'><strong>qui</strong></span> <span class='ocrx_word' id='word_1_91' title='bbox 1223 1532 1319 1578; x_wconf 90' lang='lat' dir='ltr'><strong>novus</strong></span> <span class='ocrx_word' id='word_1_92' title='bbox 1341 1515 1483 1596; x_wconf 90' lang='lat' dir='ltr'><strong>apparuit,</strong></span> 
     </span>
     <span class='ocr_line' id='line_1_11' title="bbox 329 1616 1483 1719; baseline -0.001 -34.978"><span class='ocrx_word' id='word_1_93' title='bbox 329 1616 388 1719; x_wconf 45' lang='lat' dir='ltr'><strong>‚pet</strong></span> <span class='ocrx_word' id='word_1_94' title='bbox 411 1617 523 1683; x_wconf 67' lang='lat' dir='ltr'><strong>“vetus</strong></span> <span class='ocrx_word' id='word_1_95' title='bbox 545 1621 684 1683; x_wconf 88' lang='lat' dir='ltr'><strong>inventus</strong></span> <span class='ocrx_word' id='word_1_96' title='bbox 708 1626 762 1699; x_wconf 91' lang='lat' dir='ltr'><strong>est,</strong></span> <span class='ocrx_word' id='word_1_97' title='bbox 786 1626 817 1681; x_wconf 88' lang='lat' dir='ltr'><strong>et</strong></span> <span class='ocrx_word' id='word_1_98' title='bbox 838 1637 957 1703; x_wconf 89' lang='lat' dir='ltr'><strong>semper</strong></span> <span class='ocrx_word' id='word_1_99' title='bbox 981 1638 1089 1684; x_wconf 89' lang='lat' dir='ltr'><strong>recens</strong></span> <span class='ocrx_word' id='word_1_100' title='bbox 1106 1621 1133 1682; x_wconf 94' lang='lat' dir='ltr'><strong>in</strong></span> <span class='ocrx_word' id='word_1_101' title='bbox 1155 1626 1325 1682; x_wconf 91' lang='lat' dir='ltr'><strong>sanctorum</strong></span> <span class='ocrx_word' id='word_1_102' title='bbox 1343 1620 1483 1683; x_wconf 89' lang='lat' dir='ltr'><strong>cordibus</strong></span> 
     </span>
     <span class='ocr_line' id='line_1_12' title="bbox 329 1674 1484 1828; baseline -0.001 -39"><span class='ocrx_word' id='word_1_103' title='bbox 329 1674 499 1828; x_wconf 61' lang='grc' dir='ltr'>Ξιιιιεοίίιιι.</span> <span class='ocrx_word' id='word_1_104' title='bbox 544 1726 597 1788; x_wconf 89' lang='lat' dir='ltr'><strong>Hic</strong></span> <span class='ocrx_word' id='word_1_105' title='bbox 620 1726 834 1809; x_wconf 90' lang='lat' dir='ltr'><strong>sempiternus,</strong></span> <span class='ocrx_word' id='word_1_106' title='bbox 866 1725 956 1788; x_wconf 89' lang='lat' dir='ltr'><strong>bodio</strong></span> <span class='ocrx_word' id='word_1_107' title='bbox 984 1725 1059 1788; x_wconf 80' lang='lat' dir='ltr'><strong>silius</strong></span> <span class='ocrx_word' id='word_1_108' title='bbox 1089 1732 1136 1788; x_wconf 91' lang='lat' dir='ltr'><strong>est</strong></span> <span class='ocrx_word' id='word_1_109' title='bbox 1166 1721 1415 1806; x_wconf 84' lang='lat' dir='ltr'><strong>nuncupatus;³</strong></span> <span class='ocrx_word' id='word_1_110' title='bbox 1429 1743 1484 1807; x_wconf 91' lang='lat' dir='ltr'><strong>per</strong></span> 
     </span>
    </p>
   </div>
   <div class='ocr_carea' id='block_1_4' title="bbox 329 1829 1496 2043">
    <p class='ocr_par' dir='ltr' id='par_1_4' title="bbox 329 1829 1496 2019">
     <span class='ocr_line' id='line_1_13' title="bbox 329 1829 1489 1935; baseline 0.004 -42.067"><span class='ocrx_word' id='word_1_111' title='bbox 329 1848 449 1935; x_wconf 72' lang='grc' dir='ltr'><strong>Ιιιιιιιιιι</strong></span> <span class='ocrx_word' id='word_1_112' title='bbox 481 1830 606 1894; x_wconf 89' lang='lat' dir='ltr'><strong>ecclesia</strong></span> <span class='ocrx_word' id='word_1_113' title='bbox 638 1832 761 1911; x_wconf 83' lang='lat' dir='ltr'><strong>ditatur,</strong></span> <span class='ocrx_word' id='word_1_114' title='bbox 797 1838 827 1894; x_wconf 89' lang='lat' dir='ltr'><strong>et</strong></span> <span class='ocrx_word' id='word_1_115' title='bbox 856 1831 952 1914; x_wconf 79' lang='lat' dir='ltr'><strong>gratia</strong></span> <span class='ocrx_word' id='word_1_116' title='bbox 985 1848 1118 1912; x_wconf 87' lang='lat' dir='ltr'><strong>expansa</strong></span> <span class='ocrx_word' id='word_1_117' title='bbox 1146 1829 1176 1891; x_wconf 92' lang='lat' dir='ltr'><strong>in</strong></span> <span class='ocrx_word' id='word_1_118' title='bbox 1206 1829 1316 1892; x_wconf 88' lang='lat' dir='ltr'><strong>sanctis</strong></span> <span class='ocrx_word' id='word_1_119' title='bbox 1347 1837 1489 1913; x_wconf 80' lang='lat' dir='ltr'><strong>augetur,</strong></span> 
     </span>
     <span class='ocr_line' id='line_1_14' title="bbox 329 1890 1496 2043; baseline -0.001 -43.98"><span class='ocrx_word' id='word_1_120' title='bbox 329 1890 506 2043; x_wconf 62' lang='lat' dir='ltr'><strong>:praebens</strong></span> <span class='ocrx_word' id='word_1_121' title='bbox 529 1937 726 2018; x_wconf 88' lang='lat' dir='ltr'><strong>intellectum,</strong></span> <span class='ocrx_word' id='word_1_122' title='bbox 750 1935 932 2017; x_wconf 77' lang='lat' dir='ltr'><strong>patefaciens</strong></span> <span class='ocrx_word' id='word_1_123' title='bbox 955 1936 1113 2017; x_wconf 83' lang='lat' dir='ltr'><strong>mysteria,</strong></span> <span class='ocrx_word' id='word_1_124' title='bbox 1140 1935 1317 2035; x_wconf 84' lang='lat' dir='ltr'><strong>annuntians</strong></span> <span class='ocrx_word' id='word_1_125' title='bbox 1340 1941 1496 2017; x_wconf 70' lang='lat' dir='ltr'><strong>tempora„</strong></span> 
     </span>
    </p>
   </div>
   <div class='ocr_carea' id='block_1_5' title="bbox 329 1998 1483 2278">
    <p class='ocr_par' dir='ltr' id='par_1_5' title="bbox 329 1998 1483 2278">
     <span class='ocr_line' id='line_1_15' title="bbox 329 1998 1483 2149; baseline -0.002 -44.958"><span class='ocrx_word' id='word_1_126' title='bbox 329 1998 495 2149; x_wconf 57' lang='lat' dir='ltr'><strong>:pudens</strong></span> <span class='ocrx_word' id='word_1_127' title='bbox 517 2058 609 2123; x_wconf 88' lang='lat' dir='ltr'><strong>super</strong></span> <span class='ocrx_word' id='word_1_128' title='bbox 632 2041 784 2120; x_wconf 88' lang='lat' dir='ltr'><strong>fidelibus,</strong></span> <span class='ocrx_word' id='word_1_129' title='bbox 816 2040 1027 2122; x_wconf 83' lang='lat' dir='ltr'><strong>quaerentibus</strong></span> <span class='ocrx_word' id='word_1_130' title='bbox 1050 2039 1181 2118; x_wconf 85' lang='lat' dir='ltr'><strong>donans,</strong></span> <span class='ocrx_word' id='word_1_131' title='bbox 1208 2040 1355 2119; x_wconf 88' lang='lat' dir='ltr'><strong>aquibus</strong></span> <span class='ocrx_word' id='word_1_132' title='bbox 1378 2039 1483 2102; x_wconf 90' lang='lat' dir='ltr'><strong>limites</strong></span> 
     </span>
     <span class='ocr_line' id='line_1_16' title="bbox 329 2104 1483 2278; baseline -0.003 -68.982"><span class='ocrx_word' id='word_1_133' title='bbox 329 2104 428 2278; x_wconf 49' lang='lat' dir='ltr'><strong>&#39;gddei</strong></span> <span class='ocrx_word' id='word_1_134' title='bbox 461 2164 525 2209; x_wconf 89' lang='lat' dir='ltr'><strong>non</strong></span> <span class='ocrx_word' id='word_1_135' title='bbox 552 2143 793 2229; x_wconf 74' lang='lat' dir='ltr'><strong>pestringuntur,</strong></span> <span class='ocrx_word' id='word_1_136' title='bbox 829 2164 929 2226; x_wconf 91' lang='lat' dir='ltr'><strong>neque</strong></span> <span class='ocrx_word' id='word_1_137' title='bbox 951 2140 1093 2206; x_wconf 65' lang='lat' dir='ltr'><strong>&#39;‘limites</strong></span> <span class='ocrx_word' id='word_1_138' title='bbox 1116 2150 1238 2239; x_wconf 86' lang='lat' dir='ltr'><strong>patrum</strong></span> <span class='ocrx_word' id='word_1_139' title='bbox 1270 2144 1483 2206; x_wconf 88' lang='lat' dir='ltr'><strong>transiliuntur</strong></span> 
     </span>
    </p>
   </div>
   <div class='ocr_carea' id='block_1_6' title="bbox 329 2245 1578 2453">
    <p class='ocr_par' dir='ltr' id='par_1_6' title="bbox 329 2245 1578 2453">
     <span class='ocr_line' id='line_1_17' title="bbox 354 2245 1522 2333; baseline -0.002 -20"><span class='ocrx_word' id='word_1_140' title='bbox 354 2248 474 2313; x_wconf 82' lang='lat' dir='ltr'><strong>Deinde</strong></span> <span class='ocrx_word' id='word_1_141' title='bbox 497 2256 593 2313; x_wconf 91' lang='lat' dir='ltr'><strong>metus</strong></span> <span class='ocrx_word' id='word_1_142' title='bbox 615 2252 704 2333; x_wconf 80' lang='lat' dir='ltr'><strong>legis</strong></span> <span class='ocrx_word' id='word_1_143' title='bbox 717 2249 904 2330; x_wconf 89' lang='lat' dir='ltr'><strong>decantatur,</strong></span> <span class='ocrx_word' id='word_1_144' title='bbox 928 2256 959 2311; x_wconf 87' lang='lat' dir='ltr'><strong>et</strong></span> <span class='ocrx_word' id='word_1_145' title='bbox 972 2245 1228 2331; x_wconf 85' lang='lat' dir='ltr'><strong>prophetarum</strong></span> <span class='ocrx_word' id='word_1_146' title='bbox 1242 2249 1336 2330; x_wconf 85' lang='lat' dir='ltr'><strong>gratia</strong></span> <span class='ocrx_word' id='word_1_147' title='bbox 1363 2255 1483 2330; x_wconf 83' lang='lat' dir='ltr'><strong>cogno&#39;-</strong></span> <span class='ocrx_word' id='word_1_148' title='bbox 1516 2319 1522 2330; x_wconf 48' lang='grc'><em>,</em></span> 
     </span>
     <span class='ocr_line' id='line_1_18' title="bbox 329 2320 1578 2453; baseline -0.006 -32"><span class='ocrx_word' id='word_1_149' title='bbox 329 2320 486 2441; x_wconf 34' lang='lat' dir='ltr'><strong>lactem,</strong></span> <span class='ocrx_word' id='word_1_150' title='bbox 500 2362 530 2417; x_wconf 93' lang='lat' dir='ltr'><strong>et</strong></span> <span class='ocrx_word' id='word_1_151' title='bbox 553 2356 777 2447; x_wconf 81' lang='lat' dir='ltr'><strong>evangeliorum</strong></span> <span class='ocrx_word' id='word_1_152' title='bbox 801 2355 875 2418; x_wconf 91' lang='lat' dir='ltr'><strong>tides</strong></span> <span class='ocrx_word' id='word_1_153' title='bbox 898 2354 1059 2432; x_wconf 81' lang='lat' dir='ltr'><strong>stabilitur,</strong></span> <span class='ocrx_word' id='word_1_154' title='bbox 1086 2360 1116 2416; x_wconf 91' lang='lat' dir='ltr'><strong>et</strong></span> <span class='ocrx_word' id='word_1_155' title='bbox 1129 2344 1343 2437; x_wconf 91' lang='lat' dir='ltr'><strong>apostolorum</strong></span> <span class='ocrx_word' id='word_1_156' title='bbox 1363 2351 1483 2414; x_wconf 88' lang='lat' dir='ltr'><strong>traditio</strong></span> <span class='ocrx_word' id='word_1_157' title='bbox 1572 2443 1578 2453; x_wconf 24' lang='grc' dir='ltr'>ἱ</span> 
     </span>
    </p>
   </div>
   <div class='ocr_carea' id='block_1_7' title="bbox 329 2424 1484 2543">
    <p class='ocr_par' dir='ltr' id='par_1_7' title="bbox 329 2424 1484 2543">
     <span class='ocr_line' id='line_1_19' title="bbox 329 2424 1484 2543; baseline -0.007 -18"><span class='ocrx_word' id='word_1_158' title='bbox 329 2424 560 2538; x_wconf 36' lang='lat' dir='ltr'><strong>‘custoditum</strong></span> <span class='ocrx_word' id='word_1_159' title='bbox 558 2467 588 2522; x_wconf 93' lang='lat' dir='ltr'><strong>et</strong></span> <span class='ocrx_word' id='word_1_160' title='bbox 611 2463 758 2523; x_wconf 87' lang='lat' dir='ltr'><strong>ecclesiae</strong></span> <span class='ocrx_word' id='word_1_161' title='bbox 781 2461 876 2543; x_wconf 83' lang='lat' dir='ltr'><strong>gratia</strong></span> <span class='ocrx_word' id='word_1_162' title='bbox 900 2459 1036 2521; x_wconf 86' lang='lat' dir='ltr'><strong>exsultat.</strong></span> <span class='ocrx_word' id='word_1_163' title='bbox 1078 2458 1172 2532; x_wconf 79' lang='lat' dir='ltr'><strong>Quam</strong></span> <span class='ocrx_word' id='word_1_164' title='bbox 1187 2460 1311 2540; x_wconf 83' lang='lat' dir='ltr'><strong>gratiam</strong></span> <span class='ocrx_word' id='word_1_165' title='bbox 1328 2476 1388 2521; x_wconf 90' lang='lat' dir='ltr'><strong>non</strong></span> <span class='ocrx_word' id='word_1_166' title='bbox 1405 2475 1484 2519; x_wconf 93' lang='lat' dir='ltr'><strong>con·</strong></span> 
     </span>
    </p>
   </div>
   <div class='ocr_carea' id='block_1_8' title="bbox 344 2660 1485 2945">
    <p class='ocr_par' dir='ltr' id='par_1_8' title="bbox 344 2660 1485 2945">
     <span class='ocr_line' id='line_1_20' title="bbox 344 2660 1485 2752; baseline -0.004 -18.969"><span class='ocrx_word' id='word_1_167' title='bbox 344 2676 389 2733; x_wconf 79' lang='lat' dir='ltr'><strong>ot</strong></span> <span class='ocrx_word' id='word_1_168' title='bbox 410 2669 530 2752; x_wconf 91' lang='lat' dir='ltr'><strong>quando</strong></span> <span class='ocrx_word' id='word_1_169' title='bbox 555 2671 582 2732; x_wconf 94' lang='lat' dir='ltr'><strong>ci</strong></span> <span class='ocrx_word' id='word_1_170' title='bbox 605 2660 706 2733; x_wconf 89' lang='lat' dir='ltr'><strong>lubet..</strong></span> <span class='ocrx_word' id='word_1_171' title='bbox 739 2665 966 2750; x_wconf 85' lang='lat' dir='ltr'><strong>⁶Quaecunque</strong></span> <span class='ocrx_word' id='word_1_172' title='bbox 990 2669 1067 2731; x_wconf 91' lang='lat' dir='ltr'><strong>enim</strong></span> <span class='ocrx_word' id='word_1_173' title='bbox 1092 2668 1228 2731; x_wconf 84' lang='lat' dir='ltr'><strong>voluntas</strong></span> <span class='ocrx_word' id='word_1_174' title='bbox 1245 2668 1377 2750; x_wconf 90' lang='lat' dir='ltr'><strong>jubentis</strong></span> <span class='ocrx_word' id='word_1_175' title='bbox 1393 2666 1485 2730; x_wconf 91' lang='lat' dir='ltr'><strong>Verbi</strong></span> 
     </span>
     <span class='ocr_line' id='line_1_21' title="bbox 355 2765 1484 2856; baseline -0.005 -17"><span class='ocrx_word' id='word_1_176' title='bbox 355 2793 416 2839; x_wconf 86' lang='lat' dir='ltr'><strong>uos</strong></span> <span class='ocrx_word' id='word_1_177' title='bbox 441 2794 507 2837; x_wconf 89' lang='lat' dir='ltr'><strong>cum</strong></span> <span class='ocrx_word' id='word_1_178' title='bbox 531 2775 628 2837; x_wconf 88' lang='lat' dir='ltr'><strong>studio</strong></span> <span class='ocrx_word' id='word_1_179' title='bbox 652 2775 752 2856; x_wconf 89' lang='lat' dir='ltr'><strong>eloqui</strong></span> <span class='ocrx_word' id='word_1_180' title='bbox 775 2775 932 2852; x_wconf 83' lang='lat' dir='ltr'><strong>excitavit,</strong></span> <span class='ocrx_word' id='word_1_181' title='bbox 957 2792 996 2836; x_wconf 85' lang='lat' dir='ltr'><strong>ex</strong></span> <span class='ocrx_word' id='word_1_182' title='bbox 1019 2765 1178 2836; x_wconf 85' lang='lat' dir='ltr'><strong>dilectione</strong></span> <span class='ocrx_word' id='word_1_183' title='bbox 1200 2791 1303 2855; x_wconf 86' lang='lat' dir='ltr'><strong>eorum</strong></span> <span class='ocrx_word' id='word_1_184' title='bbox 1328 2791 1404 2854; x_wconf 89' lang='lat' dir='ltr'><strong>quae</strong></span> <span class='ocrx_word' id='word_1_185' title='bbox 1429 2789 1484 2834; x_wconf 90' lang='lat' dir='ltr'><strong>re·</strong></span> 
     </span>
     <span class='ocr_line' id='line_1_22' title="bbox 356 2878 1120 2945; baseline -0.003 -1"><span class='ocrx_word' id='word_1_186' title='bbox 356 2881 458 2945; x_wconf 83' lang='lat' dir='ltr'><strong>velata</strong></span> <span class='ocrx_word' id='word_1_187' title='bbox 482 2887 550 2943; x_wconf 91' lang='lat' dir='ltr'><strong>sunt</strong></span> <span class='ocrx_word' id='word_1_188' title='bbox 573 2880 659 2943; x_wconf 92' lang='lat' dir='ltr'><strong>nobis</strong></span> <span class='ocrx_word' id='word_1_189' title='bbox 683 2880 839 2943; x_wconf 90' lang='lat' dir='ltr'><strong>vobiscum</strong></span> <span class='ocrx_word' id='word_1_190' title='bbox 861 2878 1120 2942; x_wconf 91' lang='lat' dir='ltr'><strong>communicamus.</strong></span> 
     </span>
    </p>
   </div>
   <div class='ocr_carea' id='block_1_9' title="bbox 329 3050 1485 3259">
    <p class='ocr_par' dir='ltr' id='par_1_9' title="bbox 329 3050 1485 3259">
     <span class='ocr_line' id='line_1_23' title="bbox 329 3050 1485 3153; baseline -0.003 -18"><span class='ocrx_word' id='word_1_191' title='bbox 329 3050 420 3135; x_wconf 72' lang='lat' dir='ltr'><strong>¹le</strong></span> <span class='ocrx_word' id='word_1_192' title='bbox 470 3071 664 3136; x_wconf 72' lang='lat' dir='ltr'><strong>Vehementer</strong></span> <span class='ocrx_word' id='word_1_193' title='bbox 687 3056 816 3135; x_wconf 79' lang='lat' dir='ltr'><strong>interest</strong></span> <span class='ocrx_word' id='word_1_194' title='bbox 837 3070 1008 3148; x_wconf 83' lang='lat' dir='ltr'><strong>bominum,</strong></span> <span class='ocrx_word' id='word_1_195' title='bbox 1040 3090 1146 3133; x_wconf 85' lang='lat' dir='ltr'><strong>oerum</strong></span> <span class='ocrx_word' id='word_1_196' title='bbox 1176 3071 1382 3153; x_wconf 79' lang='lat' dir='ltr'><strong>oopne&#39;tionem</strong></span> <span class='ocrx_word' id='word_1_197' title='bbox 1407 3087 1485 3148; x_wconf 87' lang='lat' dir='ltr'><strong>per-</strong></span> 
     </span>
     <span class='ocr_line' id='line_1_24' title="bbox 469 3175 1376 3259; baseline -0.006 -19"><span class='ocrx_word' id='word_1_198' title='bbox 469 3178 589 3257; x_wconf 85' lang='lat' dir='ltr'><strong>cipere,</strong></span> <span class='ocrx_word' id='word_1_199' title='bbox 615 3197 695 3259; x_wconf 86' lang='lat' dir='ltr'><strong>quae</strong></span> <span class='ocrx_word' id='word_1_200' title='bbox 718 3198 786 3240; x_wconf 89' lang='lat' dir='ltr'><strong>cum</strong></span> <span class='ocrx_word' id='word_1_201' title='bbox 808 3196 884 3240; x_wconf 85' lang='lat' dir='ltr'><strong>cero</strong></span> <span class='ocrx_word' id='word_1_202' title='bbox 905 3178 973 3238; x_wconf 82' lang='lat' dir='ltr'><strong>vite</strong></span> <span class='ocrx_word' id='word_1_203' title='bbox 995 3179 1164 3257; x_wconf 85' lang='lat' dir='ltr'><strong>conjuncto</strong></span> <span class='ocrx_word' id='word_1_204' title='bbox 1187 3195 1255 3239; x_wconf 87' lang='lat' dir='ltr'><strong>esso</strong></span> <span class='ocrx_word' id='word_1_205' title='bbox 1277 3175 1376 3238; x_wconf 88' lang='lat' dir='ltr'><strong>debet</strong></span> 
     </span>
    </p>
   </div>
   <div class='ocr_carea' id='block_1_10' title="bbox 331 3290 1486 3609">
    <p class='ocr_par' dir='ltr' id='par_1_10' title="bbox 331 3290 1486 3594">
     <span class='ocr_line' id='line_1_25' title="bbox 331 3290 1485 3384; baseline -0.005 -21"><span class='ocrx_word' id='word_1_206' title='bbox 331 3290 342 3327; x_wconf 77' lang='lat'><strong>&#39;²</strong></span> <span class='ocrx_word' id='word_1_207' title='bbox 447 3300 532 3376; x_wconf 85' lang='lat' dir='ltr'><strong>Quae</strong></span> <span class='ocrx_word' id='word_1_208' title='bbox 556 3319 645 3382; x_wconf 93' lang='lat' dir='ltr'><strong>quum</strong></span> <span class='ocrx_word' id='word_1_209' title='bbox 667 3300 802 3384; x_wconf 85' lang='lat' dir='ltr'><strong>legeritis</strong></span> <span class='ocrx_word' id='word_1_210' title='bbox 826 3306 856 3362; x_wconf 91' lang='lat' dir='ltr'><strong>et</strong></span> <span class='ocrx_word' id='word_1_211' title='bbox 878 3299 1029 3363; x_wconf 88' lang='lat' dir='ltr'><strong>audieritis</strong></span> <span class='ocrx_word' id='word_1_212' title='bbox 1053 3301 1204 3378; x_wconf 88' lang='lat' dir='ltr'><strong>studiose,</strong></span> <span class='ocrx_word' id='word_1_213' title='bbox 1236 3300 1353 3378; x_wconf 91' lang='lat' dir='ltr'><strong>scietis,</strong></span> <span class='ocrx_word' id='word_1_214' title='bbox 1377 3302 1485 3378; x_wconf 86' lang='lat' dir='ltr'><strong>quanta</strong></span> 
     </span>
     <span class='ocr_line' id='line_1_26' title="bbox 332 3382 1486 3537; baseline -0.007 -66.823"><span class='ocrx_word' id='word_1_215' title='bbox 332 3382 504 3537; x_wconf 51' lang='lat' dir='ltr'><strong>{praebeat</strong></span> <span class='ocrx_word' id='word_1_216' title='bbox 527 3406 640 3468; x_wconf 89' lang='lat' dir='ltr'><strong>Deus</strong></span> <span class='ocrx_word' id='word_1_217' title='bbox 632 3407 686 3486; x_wconf 87' lang='lat' dir='ltr'><strong>ris,</strong></span> <span class='ocrx_word' id='word_1_218' title='bbox 714 3408 763 3488; x_wconf 92' lang='lat' dir='ltr'><strong>qui</strong></span> <span class='ocrx_word' id='word_1_219' title='bbox 786 3411 869 3468; x_wconf 91' lang='lat' dir='ltr'><strong>recte</strong></span> <span class='ocrx_word' id='word_1_220' title='bbox 892 3407 988 3488; x_wconf 89' lang='lat' dir='ltr'><strong>ipsum</strong></span> <span class='ocrx_word' id='word_1_221' title='bbox 1012 3399 1197 3487; x_wconf 83' lang='lat' dir='ltr'><strong>diligant,⁷</strong></span> <span class='ocrx_word' id='word_1_222' title='bbox 1211 3404 1320 3486; x_wconf 90' lang='lat' dir='ltr'><strong>quippe</strong></span> <span class='ocrx_word' id='word_1_223' title='bbox 1343 3403 1394 3484; x_wconf 91' lang='lat' dir='ltr'><strong>qui</strong></span> <span class='ocrx_word' id='word_1_224' title='bbox 1417 3400 1486 3464; x_wconf 85' lang='lat' dir='ltr'><strong>lacti</strong></span> 
     </span>
     <span class='ocr_line' id='line_1_27' title="bbox 332 3490 1485 3609; baseline -0.011 -30.712"><span class='ocrx_word' id='word_1_225' title='bbox 332 3490 426 3609; x_wconf 77' lang='lat' dir='ltr'><strong>&#39;sitis</strong></span> <span class='ocrx_word' id='word_1_226' title='bbox 448 3511 607 3599; x_wconf 92' lang='lat' dir='ltr'><strong>paradisus</strong></span> <span class='ocrx_word' id='word_1_227' title='bbox 626 3506 841 3593; x_wconf 83' lang='lat' dir='ltr'><strong>⁸deliciarum‚</strong></span> <span class='ocrx_word' id='word_1_228' title='bbox 874 3510 1012 3572; x_wconf 89' lang='lat' dir='ltr'><strong>arborem</strong></span> <span class='ocrx_word' id='word_1_229' title='bbox 1036 3508 1179 3572; x_wconf 85' lang='lat' dir='ltr'><strong>fructibus</strong></span> <span class='ocrx_word' id='word_1_230' title='bbox 1206 3510 1323 3591; x_wconf 90' lang='lat' dir='ltr'><strong>plenam</strong></span> <span class='ocrx_word' id='word_1_231' title='bbox 1346 3507 1485 3586; x_wconf 91' lang='lat' dir='ltr'><strong>belleque</strong></span> 
     </span>
    </p>
   </div>
   <div class='ocr_carea' id='block_1_11' title="bbox 329 2552 1541 2663">
    <p class='ocr_par' dir='ltr' id='par_1_11' title="bbox 329 2552 1541 2663">
     <span class='ocr_line' id='line_1_28' title="bbox 329 2552 1541 2663; baseline -0.005 -33.879"><span class='ocrx_word' id='word_1_232' title='bbox 329 2565 479 2657; x_wconf 69' lang='lat' dir='ltr'><strong>²tristans</strong></span> <span class='ocrx_word' id='word_1_233' title='bbox 503 2584 548 2646; x_wconf 86' lang='lat' dir='ltr'><strong>ea,</strong></span> <span class='ocrx_word' id='word_1_234' title='bbox 572 2585 647 2647; x_wconf 92' lang='lat' dir='ltr'><strong>quae</strong></span> <span class='ocrx_word' id='word_1_235' title='bbox 671 2567 793 2628; x_wconf 91' lang='lat' dir='ltr'><strong>verbum</strong></span> <span class='ocrx_word' id='word_1_236' title='bbox 815 2566 955 2660; x_wconf 83' lang='lat' dir='ltr'><strong>loquitur,</strong></span> <span class='ocrx_word' id='word_1_237' title='bbox 978 2580 1147 2663; x_wconf 81' lang='lat' dir='ltr'><strong>cognosces</strong></span> <span class='ocrx_word' id='word_1_238' title='bbox 1162 2581 1217 2644; x_wconf 94' lang='lat' dir='ltr'><strong>per</strong></span> <span class='ocrx_word' id='word_1_239' title='bbox 1232 2581 1296 2642; x_wconf 88' lang='lat' dir='ltr'><strong>eos,</strong></span> <span class='ocrx_word' id='word_1_240' title='bbox 1321 2552 1397 2644; x_wconf 84' lang='lat' dir='ltr'><strong>quos</strong></span> <span class='ocrx_word' id='word_1_241' title='bbox 1414 2561 1484 2640; x_wconf 91' lang='lat' dir='ltr'><strong>vult,</strong></span> <span class='ocrx_word' id='word_1_242' title='bbox 1533 2629 1541 2645; x_wconf 47' lang='grc'>,</span> 
     </span>
    </p>
   </div>
   <div class='ocr_carea' id='block_1_12' title="bbox 333 3568 1535 3743">
    <p class='ocr_par' dir='ltr' id='par_1_12' title="bbox 333 3568 1535 3743">
     <span class='ocr_line' id='line_1_29' title="bbox 333 3568 1535 3743; baseline -0.01 -61.724"><span class='ocrx_word' id='word_1_243' title='bbox 333 3568 607 3743; x_wconf 59' lang='lat' dir='ltr'><strong>:germinantem</strong></span> <span class='ocrx_word' id='word_1_244' title='bbox 598 3636 628 3678; x_wconf 92' lang='lat' dir='ltr'><strong>m</strong></span> <span class='ocrx_word' id='word_1_245' title='bbox 651 3616 768 3678; x_wconf 89' lang='lat' dir='ltr'><strong>vobis</strong></span> <span class='ocrx_word' id='word_1_246' title='bbox 759 3616 832 3696; x_wconf 83' lang='lat' dir='ltr'><strong>ipsis</strong></span> <span class='ocrx_word' id='word_1_247' title='bbox 855 3614 1073 3697; x_wconf 87' lang='lat' dir='ltr'><strong>producentes,</strong></span> <span class='ocrx_word' id='word_1_248' title='bbox 1098 3615 1204 3676; x_wconf 91' lang='lat' dir='ltr'><strong>variis·</strong></span> <span class='ocrx_word' id='word_1_249' title='bbox 1196 3613 1364 3677; x_wconf 69' lang='lat' dir='ltr'><strong>tractibus</strong></span> <span class='ocrx_word' id='word_1_250' title='bbox 1379 3609 1535 3672; x_wconf 83' lang='lat' dir='ltr'><strong>ornati·</strong></span> 
     </span>
    </p>
   </div>
   <div class='ocr_carea' id='block_1_13' title="bbox 334 3700 1485 3803">
    <p class='ocr_par' dir='ltr' id='par_1_13' title="bbox 334 3700 1485 3803">
     <span class='ocr_line' id='line_1_30' title="bbox 334 3700 1485 3803; baseline -0.009 -18.751"><span class='ocrx_word' id='word_1_251' title='bbox 334 3700 406 3797; x_wconf 61' lang='grc' dir='ltr'><strong>Ιιιι</strong></span> <span class='ocrx_word' id='word_1_252' title='bbox 417 3716 501 3783; x_wconf 83' lang='lat' dir='ltr'><strong>⁹boc</strong></span> <span class='ocrx_word' id='word_1_253' title='bbox 524 3723 601 3784; x_wconf 94' lang='lat' dir='ltr'><strong>enim</strong></span> <span class='ocrx_word' id='word_1_254' title='bbox 625 3721 692 3784; x_wconf 92' lang='lat' dir='ltr'><strong>loco</strong></span> <span class='ocrx_word' id='word_1_255' title='bbox 715 3721 828 3803; x_wconf 84' lang='lat' dir='ltr'><strong>lignum</strong></span> <span class='ocrx_word' id='word_1_256' title='bbox 851 3720 1032 3803; x_wconf 84' lang='lat' dir='ltr'><strong>cognitionis</strong></span> <span class='ocrx_word' id='word_1_257' title='bbox 1056 3726 1085 3781; x_wconf 87' lang='lat' dir='ltr'><strong>et</strong></span> <span class='ocrx_word' id='word_1_258' title='bbox 1100 3719 1213 3800; x_wconf 85' lang='lat' dir='ltr'><strong>lignum</strong></span> <span class='ocrx_word' id='word_1_259' title='bbox 1232 3719 1311 3781; x_wconf 89' lang='lat' dir='ltr'><strong>vitae</strong></span> <span class='ocrx_word' id='word_1_260' title='bbox 1326 3716 1485 3799; x_wconf 90' lang='lat' dir='ltr'><strong>plantatum</strong></span> 
     </span>
    </p>
   </div>
   <div class='ocr_carea' id='block_1_14' title="bbox 336 3832 1486 4431">
    <p class='ocr_par' dir='ltr' id='par_1_14' title="bbox 336 3832 1486 4431">
     <span class='ocr_line' id='line_1_31' title="bbox 336 3832 1486 3909; baseline -0.007 -16"><span class='ocrx_word' id='word_1_261' title='bbox 336 3832 340 3869; x_wconf 82' lang='lat'><strong>¹</strong></span> <span class='ocrx_word' id='word_1_262' title='bbox 394 3841 465 3906; x_wconf 86' lang='lat'><strong>5)1.</strong></span> <span class='ocrx_word' id='word_1_263' title='bbox 479 3856 502 3892; x_wconf 85' lang='lat' dir='ltr'><strong>e.</strong></span> <span class='ocrx_word' id='word_1_264' title='bbox 517 3841 611 3908; x_wconf 80' lang='lat' dir='ltr'><strong>gratia,</strong></span> <span class='ocrx_word' id='word_1_265' title='bbox 631 3856 678 3909; x_wconf 88' lang='lat' dir='ltr'><strong>qua</strong></span> <span class='ocrx_word' id='word_1_266' title='bbox 692 3840 835 3909; x_wconf 85' lang='lat' dir='ltr'><strong>Prophetae</strong></span> <span class='ocrx_word' id='word_1_267' title='bbox 851 3840 910 3891; x_wconf 90' lang='lat' dir='ltr'><strong>illu·</strong></span> <span class='ocrx_word' id='word_1_268' title='bbox 938 3845 1004 3894; x_wconf 82' lang='lat' dir='ltr'><strong>euclu</strong></span> <span class='ocrx_word' id='word_1_269' title='bbox 1032 3841 1140 3907; x_wconf 69' lang='lat' dir='ltr'><strong>ausolpe</strong></span> <span class='ocrx_word' id='word_1_270' title='bbox 1166 3856 1281 3892; x_wconf 78' lang='lat' dir='ltr'><strong>uererer</strong></span> <span class='ocrx_word' id='word_1_271' title='bbox 1306 3836 1424 3906; x_wconf 77' lang='lat' dir='ltr'><strong>Htapcte</strong></span> <span class='ocrx_word' id='word_1_272' title='bbox 1450 3848 1486 3885; x_wconf 78' lang='lat' dir='ltr'><strong>ea</strong></span> 
     </span>
     <span class='ocr_line' id='line_1_32' title="bbox 336 3918 1467 4005; baseline -0.009 -22.759"><span class='ocrx_word' id='word_1_273' title='bbox 336 3920 449 4005; x_wconf 83' lang='lat' dir='ltr'><strong>minati</strong></span> <span class='ocrx_word' id='word_1_274' title='bbox 468 3936 533 3981; x_wconf 86' lang='lat' dir='ltr'><strong>sunt.</strong></span> <span class='ocrx_word' id='word_1_275' title='bbox 939 3930 987 3981; x_wconf 82' lang='lat' dir='ltr'><strong>due</strong></span> <span class='ocrx_word' id='word_1_276' title='bbox 1004 3943 1059 3980; x_wconf 84' lang='lat' dir='ltr'><strong>una</strong></span> <span class='ocrx_word' id='word_1_277' title='bbox 1077 3943 1137 3979; x_wconf 87' lang='lat' dir='ltr'><strong>vem</strong></span> <span class='ocrx_word' id='word_1_278' title='bbox 1155 3929 1243 3994; x_wconf 79' lang='lat' dir='ltr'><strong>Lepos</strong></span> <span class='ocrx_word' id='word_1_279' title='bbox 1259 3918 1467 3994; x_wconf 76' lang='lat' dir='ltr'><strong>Geoffenbcrte.“</strong></span> 
     </span>
     <span class='ocr_line' id='line_1_33' title="bbox 974 4006 1484 4078; baseline -0.006 -16"><span class='ocrx_word' id='word_1_280' title='bbox 974 4014 1002 4075; x_wconf 81' lang='grc'><strong>7)</strong></span> <span class='ocrx_word' id='word_1_281' title='bbox 1032 4009 1076 4073; x_wconf 76' lang='grc' dir='ltr'><strong>Οἱ,</strong></span> <span class='ocrx_word' id='word_1_282' title='bbox 1106 4010 1174 4078; x_wconf 92' lang='lat' dir='ltr'><strong>quod</strong></span> <span class='ocrx_word' id='word_1_283' title='bbox 1204 4008 1319 4061; x_wconf 82' lang='lat' dir='ltr'><strong>bleranus</strong></span> <span class='ocrx_word' id='word_1_284' title='bbox 1351 4006 1484 4059; x_wconf 85' lang='lat' dir='ltr'><strong>delendum</strong></span> 
     </span>
     <span class='ocr_line' id='line_1_34' title="bbox 397 4095 1339 4169; baseline -0.011 -14"><span class='ocrx_word' id='word_1_285' title='bbox 397 4104 427 4168; x_wconf 84' lang='grc'><strong>6)</strong></span> <span class='ocrx_word' id='word_1_286' title='bbox 454 4099 513 4154; x_wconf 85' lang='lat' dir='ltr'><strong>Otto</strong></span> <span class='ocrx_word' id='word_1_287' title='bbox 536 4103 624 4153; x_wconf 85' lang='lat' dir='ltr'><strong>vertit:</strong></span> <span class='ocrx_word' id='word_1_288' title='bbox 652 4104 751 4169; x_wconf 81' lang='lat' dir='ltr'><strong>„Dertn</strong></span> <span class='ocrx_word' id='word_1_289' title='bbox 777 4118 836 4154; x_wconf 83' lang='lat' dir='ltr'><strong>mua</strong></span> <span class='ocrx_word' id='word_1_290' title='bbox 860 4101 913 4153; x_wconf 78' lang='lat' dir='ltr'><strong>wir</strong></span> <span class='ocrx_word' id='word_1_291' title='bbox 939 4105 1024 4166; x_wconf 88' lang='lat' dir='ltr'><strong>putat,</strong></span> <span class='ocrx_word' id='word_1_292' title='bbox 1043 4095 1218 4148; x_wconf 77' lang='lat' dir='ltr'><strong>detenditura</strong></span> <span class='ocrx_word' id='word_1_293' title='bbox 1238 4095 1339 4146; x_wconf 85' lang='lat' dir='ltr'><strong>Nolteo.</strong></span> 
     </span>
     <span class='ocr_line' id='line_1_35' title="bbox 359 4177 1483 4257; baseline -0.015 -12"><span class='ocrx_word' id='word_1_294' title='bbox 359 4193 431 4245; x_wconf 75' lang='lat' dir='ltr'><strong>acolt</strong></span> <span class='ocrx_word' id='word_1_295' title='bbox 456 4192 513 4243; x_wconf 79' lang='lat' dir='ltr'><strong>dem</strong></span> <span class='ocrx_word' id='word_1_296' title='bbox 539 4190 636 4242; x_wconf 81' lang='lat' dir='ltr'><strong>Willen</strong></span> <span class='ocrx_word' id='word_1_297' title='bbox 661 4191 716 4242; x_wconf 77' lang='lat' dir='ltr'><strong>used</strong></span> <span class='ocrx_word' id='word_1_298' title='bbox 741 4190 777 4240; x_wconf 79' lang='lat' dir='ltr'><strong>im</strong></span> <span class='ocrx_word' id='word_1_299' title='bbox 801 4191 912 4257; x_wconf 67' lang='lat' dir='ltr'><strong>dupla-up</strong></span> <span class='ocrx_word' id='word_1_300' title='bbox 974 4185 1004 4253; x_wconf 89' lang='grc'><strong>8)</strong></span> <span class='ocrx_word' id='word_1_301' title='bbox 1022 4183 1185 4236; x_wconf 81' lang='lat' dir='ltr'><strong>Hoffmannus</strong></span> <span class='ocrx_word' id='word_1_302' title='bbox 1204 4181 1319 4248; x_wconf 85' lang='lat' dir='ltr'><strong>conjicit:</strong></span> <span class='ocrx_word' id='word_1_303' title='bbox 1346 4177 1430 4249; x_wconf 69' lang='grc' dir='ltr'><em>τρύγης</em></span> <span class='ocrx_word' id='word_1_304' title='bbox 1447 4202 1483 4228; x_wconf 90' lang='lat'><em>=</em></span> 
     </span>
     <span class='ocr_line' id='line_1_36' title="bbox 357 4276 1047 4347; baseline -0.01 -14"><span class='ocrx_word' id='word_1_305' title='bbox 357 4279 409 4333; x_wconf 69' lang='lat' dir='ltr'><strong>du</strong></span> <span class='ocrx_word' id='word_1_306' title='bbox 428 4279 519 4347; x_wconf 76' lang='lat' dir='ltr'><strong>Lepos</strong></span> <span class='ocrx_word' id='word_1_307' title='bbox 544 4278 592 4328; x_wconf 79' lang='lat' dir='ltr'><strong>mit</strong></span> <span class='ocrx_word' id='word_1_308' title='bbox 615 4277 813 4344; x_wconf 75' lang='lat' dir='ltr'><strong>eufopferndem</strong></span> <span class='ocrx_word' id='word_1_309' title='bbox 835 4277 915 4344; x_wconf 75' lang='lat' dir='ltr'><strong>llifer</strong></span> <span class='ocrx_word' id='word_1_310' title='bbox 939 4276 1047 4327; x_wconf 76' lang='lat' dir='ltr'><strong>meseia.</strong></span> 
     </span>
     <span class='ocr_line' id='line_1_37' title="bbox 357 4358 1380 4431; baseline -0.014 -9"><span class='ocrx_word' id='word_1_311' title='bbox 357 4363 559 4431; x_wconf 64' lang='lat' dir='ltr'><strong>subindicent,</strong></span> <span class='ocrx_word' id='word_1_312' title='bbox 590 4363 640 4416; x_wconf 80' lang='lat' dir='ltr'><strong>dua</strong></span> <span class='ocrx_word' id='word_1_313' title='bbox 669 4363 762 4415; x_wconf 85' lang='lat' dir='ltr'><strong>tbcilen</strong></span> <span class='ocrx_word' id='word_1_314' title='bbox 783 4362 841 4414; x_wconf 80' lang='lat' dir='ltr'><strong>wir</strong></span> <span class='ocrx_word' id='word_1_315' title='bbox 867 4363 915 4415; x_wconf 76' lang='lat' dir='ltr'><strong>mit</strong></span> <span class='ocrx_word' id='word_1_316' title='bbox 975 4359 1005 4425; x_wconf 88' lang='grc'><strong>9)</strong></span> <span class='ocrx_word' id='word_1_317' title='bbox 1024 4358 1065 4412; x_wconf 86' lang='lat' dir='ltr'><strong>Sc.</strong></span> <span class='ocrx_word' id='word_1_318' title='bbox 1083 4358 1109 4410; x_wconf 88' lang='lat' dir='ltr'><strong>in</strong></span> <span class='ocrx_word' id='word_1_319' title='bbox 1126 4359 1252 4428; x_wconf 81' lang='lat' dir='ltr'><strong>paradiso.</strong></span> <span class='ocrx_word' id='word_1_320' title='bbox 1281 4360 1380 4410; x_wconf 74' lang='lat' dir='ltr'><strong>Boset.</strong></span> 
     </span>
    </p>
   </div>
   <div class='ocr_carea' id='block_1_15' title="bbox 1505 4556 1606 4660">
    <p class='ocr_par' dir='ltr' id='par_1_15' title="bbox 1505 4556 1606 4660">
     <span class='ocr_line' id='line_1_38' title="bbox 1505 4556 1606 4660; baseline 0 0"><span class='ocrx_word' id='word_1_321' title='bbox 1505 4556 1606 4660; x_wconf 72' lang='grc' dir='ltr'><strong>-Ι</strong></span> 
     </span>
    </p>
   </div>
   <div class='ocr_carea' id='block_1_16' title="bbox 0 0 1834 5209">
    <p class='ocr_par' dir='ltr' id='par_1_16' title="bbox 0 0 1834 5209">
     <span class='ocr_line' id='line_1_39' title="bbox 0 0 1834 5209; baseline 0 0"><span class='ocrx_word' id='word_1_322' title='bbox 0 0 1834 5209; x_wconf 95' lang='lat' dir='ltr'><strong> </strong></span> 
     </span>
    </p>
   </div>
  </div>
 </body>
</html>
