3659 5209
550 518 688 575 denunti
706 518 842 575 PASTOR.
877 520 973 598 tinen
992 521 1033 576 lIl.
1070 522 1275 580 summittit
1409 473 1474 597 407

347 681 581 763 poenitentiam,
611 700 668 745 neo
691 681 982 767 voluptatibussuis'
1001 687 1142 748 remorati
1170 685 1296 765 suerint;
1327 688 1353 752 si
1376 698 1473 752 autern

347 788 570 867 permanserint
591 787 621 848 in
645 785 730 852 lactis
753 787 829 865 suis,
853 794 977 849 mortem
1001 789 1057 850 sibi
1080 790 1263 870 acquirent“

438 889 506 953 lX.·
535 891 611 969 ,Qui
634 908 708 952 vero
724 898 926 971 porrexerunt
942 893 1044 975 virgas
1060 911 1140 973 suas,
1164 898 1289 975 quarum
1305 895 1381 958 duae
1397 917 1470 979 par-

349 1003 396 1058 tes
421 994 522 1058 aridae
546 995 674 1072 fuerant,
699 1002 729 1057 et
751 996 836 1056 tertia
857 995 968 1074 viridis,
992 996 1097 1059 fideles
1121 998 1240 1079 quidem
1264 997 1394 1079 luerunt,
1418 1002 1473 1064 sed

347 1098 521 1182 locupletati
544 1104 574 1160 et
597 1100 761 1161 exsaturati
782 1099 892 1178 bonis,
910 1099 987 1180 apud
1012 1103 1132 1165 exter'as
1156 1110 1263 1184 gentes
1286 1103 1472 1169 celebriores

349 1224 421 1269 esse
444 1206 610 1286 cupierunt,
635 1205 717 1266 etin
742 1205 910 1284 superbiam
933 1200 1079 1286 magnam
1093 1205 1269 1286 inciderunt,
1293 1213 1321 1272 et
1337 1209 1473 1273 sublimia

347 1297 517 1391 coeperunt
539 1309 671 1389 spirare,
696 1313 726 1368 el
748 1309 903 1371 veritatem
927 1308 1069 1373 deserere
1076 1332 1086 1387 ;
1118 1330 1218 1392 neque
1247 1313 1375 1394 appliciti
1402 1322 1474 1384 sunt

346 1416 455 1498 justis,
478 1413 532 1476 sed
556 1412 622 1475 ¹cum
640 1414 758 1486 ,exteris
781 1415 1155 1496 gentibus-convixerun13
1185 1423 1217 1504 et
1236 1417 1311 1479 haec
1331 1417 1389 1479 illis
1412 1419 1471 1480 vita

349 1519 467 1581 dulcior
483 1518 553 1579 'visa
577 1523 637 1594 ost;
661 1517 761 1580 aDen
783 1526 964 1582 iernen-non
981 1526 1188 1605 recesserunt,
1212 1522 1294 1583 etin
1316 1522 1374 1584 irde
1396 1541 1472 1603 per-

348 1618 575 1700 seuerauerunt,
589 1621 666 1692 sed
679 1641 771 1703 opera
793 1623 862 1685 fidei
884 1642 946 1686 non
969 1631 1177 1687 exercuerunt.
1223 1625 1305 1689 lllulti
1327 1626 1472 1708 igiturex

348 1728 407 1790 illis
432 1732 560 1810 egerunt
581 1727 804 1807 poenitentiam,
827 1734 861 1800 et,
878 1728 968 1791 sedes
992 1748 1098 1792 eorum
1120 1730 1149 1791 in
1172 1731 1246 1792 turri
1269 1746 1338 1792 esse
1354 1747 1471 1811 coepe·
1494 1781 1498 1798 ,

347 1838 428 1894 runt.
464 1829 533 1892 -Alii
555 1848 628 1892 vero
651 1831 788 1895 viventes
811 1850 877 1894 curn
894 1835 1007 1896 exteris
1025 1835 1177 1915 gentibus,
1201 1843 1231 1897 et
1247 1833 1316 1896 elati
1331 1832 1472 1894 vanitati-

348 1937 405 2021 bus
429 1936 501 2013 suis,
522 1933 554 1996 in
577 1941 752 2015 perpetuum
776 1955 791 1996 a
815 1935 880 1999 Deo
904 1936 1089 2018 deiecerunt,
1115 1942 1265 2002 nationum
1291 1937 1471 2002 facinoribus

349 2047 381 2103 et
398 2039 538 2120 operibus
554 2040 731 2100 servientes.
769 2039 943 2120 llujusmodi
959 2059 1034 2122 ergo
1051 2042 1186 2105 homines
1202 2042 1386 2117 adnumerati
1402 2047 1472 2106 sunt

349 2143 664 2206 exterisnationibus.
709 2142 767 2205 Alii
789 2161 829 2205 ex
851 2144 896 2206 his
921 2144 1037 2207 dubiam
1065 2152 1192 2208 mentem
1222 2145 1333 2207 habere
1355 2163 1470 2228 coepe-

346 2255 428 2327 runt,
452 2265 512 2316 non
535 2253 701 2328 sperantes,
723 2265 759 2310 se
781 2256 903 2329 propter
926 2248 1001 2311 lacta
1017 2268 1071 2312 sua
1086 2251 1206 2330 assequi
1221 2266 1313 2330 posse
1328 2249 1469 2324 salutem3
1539 2304 1544 2318 ,

345 2353 398 2415 alii
422 2351 501 2414 dubii
524 2351 603 2431 lacti,
627 2351 833 2433 dissensiones
850 2352 1065 2415 excitaverunt.
1109 2352 1161 2415 His
1178 2352 1267 2433 igitur
1284 2357 1314 2412 et
1329 2348 1394 2427 illis,
1418 2350 1476 2430 qui·

346 2463 474 2538 propter
496 2456 573 2519 iacta
590 2473 644 2517 sua
661 2454 741 2518 dubii
757 2449 827 2517 esse
843 2462 1017 2538 coeperunt,
1040 2455 1136 2516 adbuc
1153 2462 1197 2517 est
1214 2471 1391 2535 regressus;
1415 2453 1470 2515 sed

346 2561 426 2622 haec
449 2560 631 2641 poenitentia
655 2559 712 2621 cita
736 2577 804 2622 esse
828 2559 934 2639 debet,
949 2622 952 2627 ,
966 2565 996 2621 ut
1027 2561 1064 2622 sit
1093 2561 1129 2622 in
1147 2561 1221 2622 turri
1243 2558 1333 2621 sedes
1356 2577 1470 2621 eorum.

348 2665 404 2727 llis
428 2681 514 2743 vero,
538 2664 588 2745 qui
610 2681 671 2726 non
695 2670 787 2747 agunt
809 2664 1030 2744 poenitentiam,
1054 2664 1107 2727 sed
1124 2672 1299 2745 permanent
1314 2664 1344 2725 in
1360 2663 1472 2743 volup-

348 2769 458 2830 tatibus
481 2768 562 2846 suis,
586 2785 784 2848 morsaprope
808 2769 883 2831 est.“
1019 2847 1022 2851 ἢ
1302 2826 1305 2831 ,
1345 2825 1349 2833 ,
1576 2748 1606 2764 ”

400 2913 403 2918 -
439 2871 475 2932 Χ.
498 2870 575 2950 ⁵„At
590 2872 629 2950 hi,
646 2873 696 2952 qui
711 2873 813 2954 virgas
829 2870 939 2934 virides
955 2880 1166 2952 porrexerunt,
1189 2871 1323 2952 exceptis
1337 2869 1471 2932 cacumi-

349 2976 438 3038 nibus
462 2993 573 3054 earum,
597 2993 674 3055 quae
697 2976 767 3041 sola.
781 2975 864 3038 arida
880 2982 975 3054 arant,
999 2984 1028 3039 et
1043 2978 1189 3039 scissuras
1205 2976 1363 3054 habebant,
1387 2993 1469 3037 sern-

349 3099 407 3163 per
432 3080 502 3141 boni
518 3086 606 3160 atque
622 3079 725 3142 fideles
742 3086 771 3141 et
786 3081 872 3162 probi
889 3099 963 3162 erga
978 3080 1073 3142 Deum
1090 3079 1220 3158 luerunt,
1243 3079 1297 3141 sed
1312 3085 1476 3160 parumper

350 3185 541 3265 deliquerunt
562 3191 686 3265 propter
709 3185 812 3246 inanes
843 3185 1075 3268 voluptates&
1104 3186 1230 3247 minutas
1261 3170 1471 3264 cogitationes

350 3306 426 3371 quas
450 3289 532 3350 intra·
549 3305 588 3355 se
606 3279 781 3352 habuerunt.
827 3287 944 3351 Auditis
961 3307 1036 3370 ergo
1052 3289 1153 3350 verbis
1169 3289 1243 3349 meis
1260 3288 1376 3370 plurimi
1393 3306 1471 3369 ege³

347 3377 420 3455 runt
442 3392 653 3473 poenitentiam
676 3392 823 3472 celeriter,
848 3398 877 3454 et
899 3393 929 3454 in
945 3393 1019 3453 turri
1034 3391 1165 3453 babitare
1182 3399 1355 3473 coeperunt.
1395 3376 1471 3467 Oui-

348 3497 417 3559 dam
440 3503 538 3558 autem
561 3495 661 3558 orchis
678 3502 840 3559 evaserunt
855 3495 934 3558 dubii
941 3515 951 3571 3
975 3493 1091 3575 quidam
1109 3495 1284 3576 adjecerunt
1299 3497 1336 3559 ad
1349 3495 1470 3572 dubiam

347 3607 479 3663 mentem
496 3600 583 3663 etiarn
600 3600 808 3685 dissensiones
822 3607 955 3662 movere.
1000 3599 1033 3660 ln
1049 3599 1201 3681 bis-igitur
1217 3588 1386 3663 etiamnunc
1400 3617 1470 3681 spes

349 3712 398 3767 est
420 3700 589 3794 regressus
614 3686 681 3784 qnia
705 3705 774 3766 boni
798 3711 917 3786 semper
940 3703 1075 3783 luerunt,
1099 3702 1218 3766 difficile
1241 3710 1339 3766 autem
1363 3707 1471 3764 move-

347 3795 467 3872 buntur.
513 3809 570 3881 Qui
585 3826 661 3870 vero
677 3804 778 3890 virgas
794 3826 864 3870 suas
879 3807 978 3872 aridas
994 3815 1204 3888 porrexerunt,
1227 3808 1361 3888 exceptis
1377 3823 1470 3868 cacu-
1515 3809 1517 3812 ’

348 3896 483 3979 minibus¹
502 3931 613 3992 earum,
636 3932 712 3993 qnae
736 3913 799 3976 sola
819 3904 903 3974 erant
920 3912 1034 3990 viridia,
1058 3911 1246 3974 crediderunt
1261 3911 1379 3990 quidem
1394 3908 1470 3985 Deo,

349 4019 382 4080 in
406 4001 569 4079 sceleribus
593 4035 666 4080 vero
690 4018 860 4091 conversati
882 4021 965 4095 sunt,
989 4033 1145 4096 numquam
1169 4021 1265 4083 tamen
1288 4031 1304 4074 a
1327 4013 1392 4094 Deo
1415 4030 1470 4072 re-

350 4127 518 4200 cesserunt,
542 4120 596 4184 sed
619 4119 738 4203 semper
751 4138 868 4185 nomen
885 4108 1003 4183 Domini
1018 4116 1298 4197 libenter-tulerunt,
1321 4122 1351 4177 et
1370 4114 1467 4195 liben-

349 4233 397 4288 ter
420 4227 449 4287 in
472 4226 608 4307 hospitiis
631 4228 693 4289 suis
710 4226 765 4287 Dei
780 4242 895 4296 servos
912 4232 1118 4306 susceperunt.
1163 4221 1273 4289 Audito
1297 4222 1387 4303 igitur
1402 4219 1469 4297 boo,

349 4320 502 4414 regressi,
534 4332 600 4410 sine
628 4349 711 4394 mora
737 4336 878 4412 ,egerunt
897 4325 1125 4412 poenitentiam,
1155 4335 1185 4394 et
1214 4344 1331 4401 omnem
1353 4323 1470 4390 virtutis

1427 4540 1572 4658 r
