3659 5209
827 586 1081 643 Pnotssooilom.
1326 583 1524 656 [msrouo

430 816 432 821 ,
501 734 693 836 verba-ejus}
717 739 787 814 Ἐπὶ
808 737 923 812 τούτου
946 733 1001 811 οὖν
1022 753 1080 811 τοῦ
1095 736 1278 834 Κλήμεντος
1301 737 1444 822 στάσεως
1467 744 1525 812 οὐκ

501 855 609 944 ὀλίγης
629 859 700 929 τοῖς
720 851 753 920 ἐν
775 850 933 941 Κορίνθῳ
954 849 1118 938 γενομένης
1140 849 1310 940 ἀδελφοῖς,
1340 849 1525 919 ἐπέστειλεν

500 954 523 1051 ἦ
541 961 574 1028 ἐν
594 950 697 1047 Ῥώμη
719 956 865 1046 ἐκκλησία
886 950 1079 1045 ἱκανωτάτην
1097 953 1221 1047 γραφὴν
1234 959 1302 1034 τοῖς
1318 958 1524 1047 Κορινθίοις,

501 1064 559 1142 εἰς
587 1057 753 1154 εἰρήνην
781 1054 1107 1146 συμβιβύζουοα
1136 1059 1302 1144 αύτούς,
1334 1063 1403 1130 καλ
1433 1056 1523 1145 οἰνα-

415 1154 422 1165 ’
499 1172 649 1238 νοοῦσα
670 1166 743 1258 τήν
764 1167 913 1235 πίστιν
936 1161 1083 1247 αὐτῶν,
1113 1166 1179 1233 καλ
1202 1166 1245 1257 ἢν
1265 1166 1416 1236 νεωστὶ
1440 1161 1525 1235 οἰπὸ

468 1281 470 1285 ’
500 1283 578 1343 τῶν
599 1266 858 1343 ’Λποστὸλιον
879 1266 1122 1364 παράδοσιν
1144 1264 1320 1363 εἰλήφει.
1345 1277 1419 1342 Adv.
1437 1277 1523 1341 haer.

503 1387 565 1451 Lib.
589 1385 635 1448 lll.
658 1403 683 1447 c.
708 1381 737 1447 3.
761 1400 790 1444 n.
813 1379 841 1445 3.

435 1490 471 1578 ο)
504 1492 645 1555 Clemens
662 1487 902 1550 Aleoeomdrimm
926 1486 1032 1550 multos
1056 1486 1202 1569 epistolae
1219 1487 1419 1551 clementinae
1435 1487 1524 1552 locos
1585 1554 1587 1558 ,

502 1594 617 1672 laudat,
642 1594 693 1675 qui
716 1592 812 1656 adhuc
834 1593 864 1656 in
889 1591 1015 1673 episiola
1039 1597 1140 1654 nosira
1164 1594 1362 1674 reperiuniur.
1480 1599 1482 1602 ⁴

481 1699 589 1766 Sirom.
606 1698 626 1761 1.
650 1717 675 1761 ο.
693 1696 721 1760 7.
744 1717 773 1780 p.
791 1695 869 1762 339:
892 1685 1018 1760 Αὐτίκα
1040 1685 1058 1758 6
1080 1689 1212 1782 Κλήμης
1234 1694 1267 1762 ἐν
1287 1697 1328 1782 τῇ
1345 1689 1436 1785 ’πρός
1456 1701 1524 1762 Κο-

391 1799 539 1893 ρινθίους
560 1799 718 1888 ἐπιστολῇ
738 1795 819 1866 κατοί
839 1798 923 1880 λέξιν
944 1797 1031 1888 φησί,
1053 1799 1111 1877 τοίς
1133 1795 1294 1890 διαφοροίς
1314 1799 1524 1883 ἐκτιθέμενος

284 1935 287 1939 ’
393 1909 456 1974 τοίν
478 1903 559 1973 κατιλ
579 1903 634 1994 την
656 1903 817 1994 ἐκκλησίαν
840 1900 995 1987 δοκίμιον·
1020 1896 1126 1972 ’Ἠτιο
1149 1929 1217 1984 τις
1239 1905 1411 1986 πιστός,
1441 1900 1524 1996 ἤτω

393 2009 570 2088 δυνατός
598 2035 663 2089 τις
691 2011 838 2098 γνοίσιν
867 2004 1183 2098 ἐξειπεῖν,·ἰγ’τω
1210 2009 1347 2101 σοφός
1370 2011 1410 2079 ἐν
1433 2013 1522 2080 (λια-

392 2116 528 2207 κρίσει
549 2109 688 2202 λόγων,
710 2107 791 2203 ἤτω
814 2111 964 2203 γοργὸς
987 2114 1028 2183 ἐν
1050 2110 1202 2206 ἔργοις.
1233 2118 1345 2183 Eadem
1361 2121 1464 2199 verbo,
1483 2139 1522 2183 ex

392 2227 509 2300 lolem.
527 2244 552 2288 o.
565 2222 607 2289 48
624 2223 766 2302 desumi,
783 2224 890 2307 repetii
905 2223 1127 2288 Alexandrinus
1142 2226 1248 2290 strom.
1261 2225 1307 2288 vl.
1325 2245 1350 2289 o.
1361 2224 1391 2290 8.
1406 2244 1436 2306 p.
1451 2222 1523 2291 773.

454 2402 467 2411 ..
482 2331 587 2398 Sirom.
611 2330 657 2392 lV.
681 2349 706 2393 ο.
734 2326 782 2392 17.
805 2349 833 2412 p.
858 2324 931 2393 609.
955 2326 1035 2393 610:
1059 2325 1124 2393 Ναὶ
1146 2323 1209 2414 μην
1231 2327 1263 2396 ἐν
1284 2335 1325 2415 τῇ
1346 2324 1432 2417 πρὸς
1454 2333 1524 2394 Κο-

392 2431 538 2525 ρινθίους
556 2430 712 2518 ἐπιστολῇ
734 2428 753 2497 6
774 2423 970 2507 Ἀπόστολος
985 2422 1124 2519 Κλήμης,
1147 2433 1198 2500 καί
1217 2429 1314 2511 αύτὸς
1329 2432 1405 2521 ἡμῖν
1419 2425 1525 2500 τύπον

394 2534 465 2608 τινα
487 2545 545 2604 τοῦ
566 2537 739 2623 γνωστικοῦ
759 2526 971 2625 ύπογρᾶφιον,
999 2533 1098 2622 λέγει·
1132 2537 1208 2616 Τίς
1236 2533 1286 2625 γοί
1294 2562 1313 2626 ρ
1342 2560 1526 2628 παρεπι-

357 2658 359 2663 “
396 2634 583 2732 δημήσας
612 2636 718 2732 πρὸς
744 2637 849 2722 opos
878 2665 905 2704 κ.
929 2665 955 2706 τ.
978 2641 1007 2706 λ.
1051 2647 1105 2710 Ηίο
1128 2647 1348 2711 Alexandrinus
1378 2648 1526 2731 epistolae

396 2758 518 2814 nosirae
542 2751 634 2830 capita
661 2748 688 2813 1.
712 2745 741 2812 9.
768 2746 816 2811 10.
842 2745 891 2811 11.
919 2747 966 2813 12.
993 2748 1041 2812 17.
1065 2748 1113 2815 18.
1130 2748 1181 2814 21.
1198 2752 1248 2817 22.
1266 2751 1317 2818 36.
1335 2750 1386 2817 38.
1403 2751 1455 2819 40.
1472 2750 1526 2818 41.

312 2882 315 2886 ·
399 2848 524 2919 4849.
549 2852 600 2917 50.
624 2850 674 2917 51.
699 2850 739 2917 53
764 2854 922 2935 excerpsit.
973 2919 976 2923 ,

389 2982 393 2995 ¹
485 2961 590 3022 Sirom.
614 2960 648 3022 V.
672 2976 696 3020 o.
723 2959 770 3023 12.
794 2978 822 3040 p.
847 2954 928 3024 693.
962 2948 1110 3022 Ἀλλοί’
1078 2981 1135 3023 καν
1147 2961 1202 3047 τῇ
1219 2956 1305 3048 πρὸς
1327 2957 1528 3048 Κορινθίοις

236 3056 247 3066 “
317 3062 319 3066 ’
395 3056 770 3147 Ῥιιηιαίωνέπιστολην
787 3053 1528 3153 Ωκεανόςα’πέραντοςοίνθριύποις

396 3162 581 3251 γέγραπται,
603 3164 672 3229 καί
694 3163 734 3230 οἱ
755 3188 831 3247 μετ
863 3158 988 3231 αὐτὸν
1009 3156 1229 3250 κόσμοιθ
1231 3171 1406 3236 ir.l.Ciem
1431 3171 1526 3239 ο..20

485 3272 590 3336 θλιοιιι.
607 3270 652 3333 vl.
670 3289 695 3333 c.
712 3268 741 3334 8.
757 3291 784 3353 p.
802 3270 882 3338 773:
912 3262 1101 3359 Τοσούτῳ
1118 3268 1191 3361 γοίρ
1213 3273 1366 3358 μᾶλλον
1386 3295 1528 3344 ταπει-

396 3375 623 3462 νοιγρονεῖν
645 3364 877 3461 ὀφείλει,
865 3367 944 3460 σ’σιγ
966 3375 1085 3443 δοκεῖ
1110 3378 1268 3462 μᾶλλον
1295 3374 1527 3463 μείζωνεί-

397 3501 481 3554 ναι,
505 3471 522 3541 6
538 3474 609 3564 11λῆ
609 3498 670 3564 μης
685 3474 718 3542 ἐν
733 3484 774 3564 τῇ
788 3471 873 3564 πρὸς
888 3478 1088 3567 Κορινθίους
1104 3482 1192 3602 ηησί.
1225 3487 1283 3551 cfr.
1300 3489 1311 3551 l
1327 3488 1417 3552 Clem.
1434 3509 1460 3551 c.
1473 3487 1527 3553 48.

488 3583 593 3647 Sirom.
616 3585 636 3647 l.
661 3603 685 3646 o.
710 3584 738 3648 7.
761 3604 788 3666 p.
813 3582 892 3650 339.
926 3577 994 3652 Έύν
1017 3582 1131 3652 (λέν
1075 3611 1131 3675 την
1150 3581 1316 3678 βασιλικην
1337 3613 1373 3656 τε
1393 3583 1512 3656 καλ’
1469 3615 1527 3656 αα

397 3679 545 3771 θεντικην
560 3683 685 3751 εἴσοδον
699 3684 842 3774 ζηνης,
819 3682 954 3777 ακούση·
978 3686 1130 3779 Αύτηι
1104 3719 1129 3813 η
1150 3685 1249 3782 πύλη
1270 3719 1343 3760 του
1330 3695 1529 3784 Κυρίου,

399 3785 562 3854 δίκαιοι
592 3783 964 3861 εἰσελεύσονται
947 3819 987 3862 εν
1016 3793 1126 3884 αὐτῇ.
1179 3798 1352 3865 Πολλῶν
1381 3798 1530 3866 τοίνυν

399 3883 662 3995 οἰνεηιγμένων
683 3895 865 3963 πολῶν’
847 3922 887 3966 εν
909 3898 1235 3989 δικαιοσύνη,
1196 3898 1295 3991 αύτη
1313 3927 1356 3968 νν
1370 3902 1530 3992 ενΧρι-

398 3997 863 4082 στρῖ.θ1.1θ1οιιι.ο.48.

443 4101 481 4188 d)
509 4104 660 4187 Oripemee
683 4108 721 4170 de
744 4110 895 4191 principiis
918 4110 951 4173 ΙΙ.
975 4109 1046 4175 63.
1070 4130 1098 4175 n.
1116 4111 1144 4178 6.
1164 4114 1232 4178 Τ.1.
1240 4136 1280 4198 p.
1297 4114 1348 4181 82.
1365 4114 1411 4179 ed.
1428 4113 1529 4181 Ruae:

507 4211 649 4275 Meminit
678 4233 757 4276 some
795 4215 936 4278 Clemens
968 4214 1192 4294 Apostolorum
1225 4220 1400 4299 discipulus
1434 4223 1531 4287 etiam

508 4314 625 4393 eorum,
650 4334 727 4399 ηαοε
751 4310 1078 4402 ἀντίχθονος-θνατοί
1096 4326 1308 4401 nominarunt,
1332 4333 1425 4405 atque
1442 4330 1531 4393 olias

507 4416 621 4498 portee'
641 4421 727 4517 orbis
751 4430 866 4504 terroe,
889 4427 933 4489 od
954 4415 1033 4508 ‘quos'
1047 4437 1154 4508 'oeque
1170 4438 1348 4499 nostrorum
1365 4431 1532 4514 quisquam
