3659 5209
689 548 1053 606 suessonensium.
1081 549 1123 603 Vi.
1142 550 1195 604 tu.
1462 555 1503 620 15

328 717 337 777 t
377 709 451 780 Tum
477 716 622 779 Dominus
644 712 750 776 videns
772 713 931 793 hominem,
954 712 1108 794 pulcbrum
1131 712 1302 795 figmentum
1325 732 1421 795 suum,
1445 715 1502 779 aits

328 824 336 861 ¹
382 820 537 885 'crescite
560 829 591 884 at
611 819 872 899 multiplicamini,
897 825 927 880 et
942 819 1058 897 replete
1075 823 1198 878 terram.
1233 815 1313 879 Haec
1328 818 1363 880 ad
1380 819 1468 882 filium
1480 815 1502 884 ².

328 911 337 971 Ι
378 928 489 990 Iterum
513 932 610 990 'autem
633 925 683 987 tibi
703 922 881 1025 'ostendam
912 920 1062 1002 quomodo
1093 920 1192 1000 quoad
1216 911 1273 982 nos
1296 920 1403 983 ultimis
1426 927 1502 993 terne

328 1036 337 1077 ¹
377 1033 503 1112 poribus
530 1029 690 1094 secundam
722 1028 903 1090 creationem
935 1025 1095 1108 peregerit.
1141 1023 1219 1086 Dicit
1242 1024 1319 1086 enirn
1343 1024 1502 1090 Dominus:

328 1144 335 1193 t
378 1131 480 1196 8rocca
509 1133 627 1213 faciam
659 1131 833 1196 nouissima
859 1138 1017 1209 'tamqnam
1044 1130 1165 1208 priora.
1211 1126 1310 1190 ⁴Hoc
1339 1128 1504 1210 respiciens

328 1242 337 1287 i
377 1238 560 1321 praedicavit
582 1237 745 1320 propbeta:
768 1236 884 1297 intrata
907 1234 941 1294 in
965 1241 1078 1295 terram
1101 1233 1180 1295 lactc
1204 1241 1233 1294 ct
1247 1214 1336 1295 malle
1350 1231 1504 1310 fluentem,

333 1325 337 1395 r
377 1351 409 1404 at
438 1342 645 1406 dominamini
676 1341 713 1403 ei.
766 1340 846 1402 Ecce
877 1341 983 1421 igitur,
1017 1355 1073 1401 nos
1106 1337 1205 1400 denuo
1238 1337 1353 1401 formati
1386 1353 1506 1412 sumus;

328 1460 337 1501 t
377 1444 626 1528 quemadmodum
650 1461 756 1506 rursus
779 1444 808 1505 in
832 1443 890 1504 alio
914 1441 1057 1524 propbeta
1081 1442 1169 1505 dicit:
1194 1439 1299 1521 5εσσε,
1322 1443 1417 1525 inquit
1439 1441 1507 1504 Do-

328 1548 338 1605 Ι
376 1549 664 1628 minus,·aaseram
687 1548 727 1610 ab
750 1550 815 1624 eis,
845 1547 903 1610 boc
927 1554 972 1608 est
993 1548 1029 1608 ab
1054 1549 1115 1626 eis,
1145 1541 1222 1629 qnos
1244 1532 1373 1631 spiritus
1389 1545 1506 1609 Domini

328 1695 335 1722 .
378 1655 588 1737 praevidebat,
621 1654 723 1716 corda
749 1654 898 1732 lapidea,
930 1659 960 1712 et
981 1652 1138 1715 immittam
1161 1654 1225 1716 illis
1248 1654 1348 1716 corda
1370 1670 1506 1725 curnea3

329 1776 338 1815 ι
377 1760 445 1840 quia
469 1759 499 1821 tn
523 1776 614 1821 carne
637 1758 731 1822 voluit
753 1775 909 1840 apparere,
933 1751 986 1818 ⁶et
1009 1755 1142 1821 habitare
1166 1757 1195 1821 in
1219 1759 1313 1821 nobis.
1351 1757 1505 1839 Templum

329 1884 338 1933 r
376 1863 455 1925 enirn
479 1869 632 1940 sanetum,
656 1861 764 1924 iratres
787 1862 862 1937 mei,
894 1861 1020 1923 Domino
1045 1868 1091 1923 est
1113 1862 1251 1924 habitatio
1275 1861 1377 1925 cordis
1400 1862 1503 1924 nostri.

374 1967 491 2030 Etenim
511 1967 617 2028 iterunr
639 1966 678 2027 ait
701 1960 883 2027 ⁷Dominus:
907 1958 1056 2023 8ubinam
1070 1966 1230 2041 apparebo
1246 1985 1353 2028 coram
1367 1966 1504 2029 Domino

329 2078 337 2134 t
373 2071 556 2145 Daemon,
588 2078 618 2130 et
639 2067 868 2149 plurificabor?
912 2065 978 2126 Ait:
1008 2059 1203 2144 ⁹contitabor
1226 2069 1282 2131 tibi
1304 2070 1338 2131 in
1361 2070 1531 2145 ecclesia.

329 2226 334 2243 ‚
372 2175 420 2236 in·
439 2174 543 2235 madio
574 2171 710 2249 fratrum
741 2189 895 2247 meorum,
931 2178 962 2232 at
990 2170 1123 2233 cantabo
1156 2172 1189 2234 in
1221 2175 1320 2237 modio
1354 2175 1506 2237 ecclesiae

372 2285 566 2340 sanctorum.
605 2275 706 2356 Itaque
729 2292 784 2337 nos
807 2292 920 2352 sunrus,
945 2292 1020 2354 quos
1036 2274 1200 2338 introduxit
1216 2276 1245 2337 in
1262 2283 1371 2338 terram
1386 2278 1504 2341 bonam.

329 2412 337 2467 μ
373 2380 434 2445 Sed
459 2398 553 2461 quare
575 2379 622 2441 lae
652 2377 798 2440 etmel?
842 2379 989 2452 Quoniam
1019 2379 1116 2442 infans
1147 2381 1272 2460 primum
1302 2380 1404 2458 melle,
1436 2387 1507 2445 tuno

329 2514 337 2555 ι
376 2487 455 2549 tacte
479 2485 612 2561 viviscit;
637 2478 713 2544 ¹⁰ita
738 2489 768 2545 et
790 2501 862 2562 nos,
885 2484 960 2563 fide,
984 2504 1070 2566 quam
1094 2485 1235 2548 babemus
1259 2483 1415 2565 promissis
1440 2484 1505 2562 Dei,

329 2624 337 2677 ,¹
378 2595 408 2652 et
431 2589 526 2651 verbo
554 2587 784 2671 praedicationis
813 2589 967 2667 vivificati,
999 2591 1133 2653 vivemus
1163 2597 1273 2652 terrum
1306 2591 1505 2670 possidentes.

377 2693 522 2776 Superius
546 2711 619 2755 vero
643 2693 806 2775 praedixit:
831 2703 975 2756 crescant
997 2704 1027 2756 at
1046 2695 1192 2774 praesint
1203 2694 1357 2773 piscibus.
1397 2692 1419 2732 ¹¹
1433 2695 1506 2769 Quis

329 2811 337 2873 ι
378 2803 476 2879 potest
500 2815 579 2859 nunc
601 2814 743 2876 praeesse
767 2797 879 2876 bestiis,
903 2799 952 2860 vel
975 2800 1115 2880 piscibus,
1138 2800 1187 2860 vel
1209 2793 1287 2862 coeli
1307 2799 1505 2862 volucribus?

329 2936 336 2975 1
377 2902 463 2966 Scire
486 2902 564 2963 euim
588 2900 747 2980 debemus,
776 2921 926 2980 praeesse
956 2909 1134 2982 potestatem
1165 2903 1343 2985 designare,
1377 2909 1408 2965 ut
1438 2904 1504 2984 quis

329 3044 334 3082 ι
376 3006 502 3088 imperet
521 3023 557 3068 aa
579 3004 755 3068 dominetur.
780 3002 803 3043 ¹²
845 3006 908 3069 Etsi
933 3006 962 3068 id
985 3025 1064 3071 nunc
1087 3025 1147 3071 non
1170 3007 1322 3089 contingat
1330 3029 1340 3083 ;
1371 3009 1504 3089 promisit

330 3148 333 3169 ,
377 3111 405 3173 id
430 3129 505 3175 sane
527 3111 624 3179 nobis.
662 3110 789 3183 Quando
807 3110 882 3172 fiet?
919 3111 1016 3184 Quum
1033 3112 1133 3192 etipsi
1149 3111 1226 3175 adeo
1242 3112 1502 3195 perfectissimus,

377 3222 409 3278 ut
431 3214 562 3277 heredes
585 3215 677 3276 simus
700 3215 868 3278 testamenti
890 3216 1017 3278 Domini.
1098 3261 1127 3303 ,-

590 3404 649 3468 Vll.
692 3369 852 3486 injunium
874 3414 904 3468 at
927 3425 1020 3487 caper·
1044 3415 1133 3488 typus
1158 3408 1287 3472 Christi.

464 3523 622 3608 intelligite
653 3543 751 3608 ergo‚.
776 3525 826 3588 titii
854 3526 1023 3623 dilectionis
1052 3547 1087 3591 ac
1115 3529 1261 3609 laetitiae,
1294 3528 1373 3610 quod
1404 3530 1502 3593 bonus

373 3628 519 3693 Dominus
542 3629 639 3692 omnia
662 3629 750 3692 nobis
772 3632 1030 3713 praemonstravit,
1054 3640 1086 3695 ut
1109 3650 1377 3716 cognosceremus,
1400 3633 1448 3696 cui
1471 3633 1502 3696 in

373 3774 420 3818 aut
437 3781 489 3818 uon
506 3766 645 3832 adituum,
662 3765 926 3835 sadadl'ropbatam
988 3769 1016 3828 9)
1035 3767 1075 3820 Pa.
1094 3768 1137 3834 21,
1157 3768 1199 3822 23.
1328 3824 1333 3835 ,

374 3850 485 3919 (David)
514 3852 620 3905 referas.
650 3882 681 3893 -
710 3852 789 3905 Notae
819 3851 925 3917 deiude,
990 3854 1035 3923 10)
1053 3859 1109 3909 Lao
1127 3863 1153 3907 at
1175 3860 1226 3910 mal
1245 3877 1280 3904 =
1300 3857 1380 3914 πίστις
1396 3857 1437 3905 καὶ
1453 3852 1500 3920 κή-

373 3939 448 3990 hisea
466 3938 556 3993 verbis
570 3943 673 3994 tertiam
691 3938 741 3990 loci
759 3938 826 3991 illiue
838 3938 927 3989 biblici
952 3959 1043 4008 poppa,
1064 3942 1155 4009 quibua
1173 3942 1284 3994 ecelesia
1302 3957 1350 3994 uos
1367 3944 1453 3995 nutrit.

373 4023 571 4091 explicationem
597 4025 761 4094 allegoricam
786 4040 831 4077 suu
857 4039 925 4093 guo·
988 4024 1032 4094 11)
1051 4027 1096 4079 ms.
1116 4030 1153 4088 τί,
1171 4027 1245 4080 male.

372 4111 465 4163 uticam
484 4111 613 4178 incipere,
640 4128 707 4181 quae
731 4121 829 4169 amum
852 4114 927 4164 illam
988 4111 1034 4180 12)
1052 4110 1161 4165 Sensus:
1187 4117 1216 4168 in
1241 4118 1377 4182 praeeunti
1399 4113 1502 4181 quietim

372 4195 408 4248 de
434 4199 548 4251 ecclesia
573 4201 720 4273 obviabant
737 4199 924 4265 iuterpretatur.
952 4201 1094 4264 imparium
1111 4202 1179 4254 illud
1195 4203 1225 4253 in
1241 4203 1369 4257 valacras,
1381 4204 1429 4247 etc·
1448 4211 1502 4249 tm

372 4280 428 4335 ctr.
446 4298 471 4349 p.
486 4282 526 4334 12.
547 4283 604 4337 Not.
620 4283 651 4335 12
669 4293 733 4351 etp.
748 4283 789 4335 13.
812 4283 869 4338 Not.
884 4283 924 4337 15.
952 4294 1085 4349 tenemus,
1108 4289 1156 4340 sert
1176 4289 1341 4356 promissam
1365 4286 1433 4335 Mac
1450 4283 1500 4335 lo·

409 4368 440 4433 8)
457 4367 498 4421 Pr.
517 4368 561 4435 ⁴1,
580 4368 608 4421 3.
951 4371 1267 4440 atnamnanattqaaato
1275 4368 1500 4436 naamatites.
