3659 5209
428 540 494 606 436
642 533 782 588 mundo
800 531 935 588 duston.
972 532 1068 586 LIBER
1086 532 1127 585 td.
1164 533 1294 588 sinitur.
1315 533 1347 587 X.

430 718 534 783 corum
557 697 659 762 deteri.
703 696 766 758 Hae
790 696 868 758 enim
890 695 1005 759 formae
1027 703 1149 778 peccata
1173 715 1282 761 eorum
1316 705 1426 779 erunt,
1459 704 1489 761 et
1509 706 1559 762 e‘r·

430 812 556 888 aequuta
576 810 657 885 cunt,
680 821 720 866 ne
742 802 965 884 apparerent.“-

873 1009 1051 1092 Similitudo
1078 1009 1117 1091 Χ.

720 1188 768 1250 De
788 1185 985 1266 poenitentia
1007 1193 1038 1246 et
1059 1187 1264 1268 eleemosyna.

519 1329 540 1393 1.
586 1329 743 1409 Postquam
772 1294 1018 1409 perscripseram*
1036 1325 1141 1387 ibrum
1170 1325 1268 1406 hunc,
1303 1323 1392 1390 'venit
1425 1327 1555 1390 ¹nuntius

430 1437 490 1514 ilie,
514 1435 564 1515 qui
585 1452 634 1495 me
657 1432 818 1496 tradiderat
839 1432 880 1493 iili
902 1432 1030 1512 pastori,
1053 1432 1083 1494 iu
1107 1432 1244 1510 domum,
1274 1434 1305 1494 in
1330 1453 1397 1514 qua
1421 1439 1555 1511 eram,ot
1596 1440 1597 1524 s

342 1582 346 1589 -
431 1539 569 1603 consedit
598 1555 688 1618 supra
717 1537 842 1612 iectum;
875 1543 905 1598 et
935 1538 1025 1599 astitit
1053 1538 1084 1599 in
1115 1536 1240 1599 dextera
1272 1539 1342 1619 ejus
1376 1540 1429 1602 iile
1459 1545 1554 1620 pastor.
1596 1549 1597 1569 ¹

430 1643 546 1706 Deinde
569 1642 688 1705 vocavit
712 1659 768 1719 me,
792 1640 919 1703 ethaeo
942 1641 1011 1703 mihi
1034 1641 1123 1703 dixit:
1148 1641 1275 1721 ,tradidi
1299 1644 1365 1722 te,“
1391 1645 1494 1725 inquit,
1517 1649 1556 1721 ,et

431 1749 549 1811 domum
573 1753 651 1808 tuam
681 1745 749 1808 huic
777 1747 908 1826 pastori,
940 1752 973 1808 ut
1001 1746 1038 1808 ab
1070 1765 1107 1809 eo
1137 1747 1257 1828 protegi
1288 1750 1427 1829 po'ssis.“
1477 1746 1555 1826 ,ita,“

406 1853 567 1931 =inquam,
601 1849 749 1912 domine.“
797 1851 848 1930 ,Si
877 1851 923 1913 vis
954 1868 1030 1932 ergo
1060 1852 1218 1934 protegi.,“
1252 1852 1370 1933 inquit,
1407 1855 1467 1936 ,ab
1489 1852 1555 1916 omui

430 1955 592 2021 vexatione
623 1961 654 2016 ct
686 1955 722 2016 ab
754 1956 833 2017 omni
864 1956 1004 2033 saeuitia,
1039 1972 1215 2022 successum
1246 1964 1352 2018 autem
1390 1958 1504 2020 habere
1534 1956 1555 2016 iu

432 2059 628 2140 omniopere
650 2059 749 2138 bono,
773 2065 861 2139 atque
884 2062 997 2139 verbo,
1028 2068 1059 2122 et
1082 2079 1200 2123 omnem
1222 2063 1368 2124 virtutem
1394 2062 1555 2143 aequitatis

431 2164 461 2225 in
486 2158 626 2257 mandatis
649 2165 685 2226 iis
709 2164 886 2246 ingredere,
918 2182 996 2243 quoe
1020 2163 1100 2226 dedit
1122 2166 1191 2245 tibi,
1221 2172 1250 2228 et
1274 2169 1396 2248 poteris
1422 2165 1555 2230 dominari
1596 2239 1597 2249 χ

432 2271 511 2333 omni
543 2270 702 2350 nequitiae.
748 2267 931 2331 Custodicnti
962 2269 1041 2330 enim
1070 2270 1121 2332 tibi
1153 2271 1287 2334 mundata
1323 2272 1397 2352 ilia,
1435 2273 1555 2354 subjectu

432 2377 490 2440 erit
512 2377 607 2440 ornnis
631 2374 775 2457 cupiditas
799 2381 828 2436 et
851 2373 978 2436 dulcedo
1000 2374 1089 2467 trojus
1112 2375 1224 2451 seculi3
1248 2394 1420 2440 successus
1443 2375 1555 2439 veroin

431 2482 511 2542 omni
543 2481 623 2542 bono
654 2479 777 2560 negotio
810 2486 840 2551 te
871 2484 1024 2558 sequetur.
1069 2479 1266 2543 Maturitatem
1290 2477 1418 2564 ²hujus
1448 2489 1478 2544 et
1500 2498 1556 2542 mo·

432 2583 555 2646 desdam
578 2585 698 2664 suscipe
721 2585 750 2647 in
775 2591 821 2661 te,
853 2589 884 2644 et
907 2582 954 2644 dic
978 2585 1130 2663 omnibus,
1159 2585 1189 2645 in
1211 2603 1323 2667 magno
1350 2586 1476 2650 honore
1499 2602 1555 2647 esse

432 2707 499 2751 eum
524 2695 553 2750 et
576 2688 718 2770 dignitate
742 2687 819 2768 apud
842 2687 953 2767 Deum,
985 2695 1014 2750 et
1042 2708 1169 2770 magnae
1190 2691 1452 2770 potestatiseum
1475 2709 1555 2773 prue-

432 2792 527 2855 sidem
551 2811 635 2871 esse,
666 2798 695 2855 et
718 2798 868 2876 potentem
892 2792 922 2854 iu
945 2790 1051 2855 officio
1076 2810 1141 2856 suo.
1186 2795 1260 2856 Huic
1288 2795 1353 2857 soii
1384 2815 1446 2877 per
1476 2802 1555 2858 totum

433 2896 535 2959 orbem
558 2898 760 2978 poenitentiae
787 2905 920 2978 potestas
947 2899 1057 2961 tributo
1087 2907 1140 2963 est
1184 2901 1337 2963 Poterisne
1364 2903 1422 2965 tibi
1449 2902 1555 2965 videtur

433 3002 528 3064 esse?
573 3001 632 3067 Sed
654 3020 710 3064 vos
733 3002 1037 3086 maturitatemhujus
1056 3010 1091 3090 ,et
1113 3005 1302 3084 modestiam,
1335 3025 1433 3086 quam
1457 3009 1488 3070 iu
1509 3021 1553 3067 uos

431 3105 529 3184 habet,
554 3104 734 3186 despicitis.“

518 3211 551 3275 11.
598 3210 672 3272 Dico
696 3209 740 3271 ei:
766 3210 939 3293 ,interroga
962 3213 1076 3294 ipsum,
1107 3212 1241 3291 domiue,
1264 3231 1307 3276 ex
1329 3233 1396 3295 quo
1422 3217 1455 3278 in
1478 3214 1553 3277 domo

431 3335 497 3379 mea
528 3320 588 3393 est,
622 3332 699 3376 aune
728 3314 838 3395 aliquid
866 3323 952 3378 extra
983 3317 1117 3378 ordinem
1147 3315 1286 3395 fecerim,
1319 3326 1374 3380 aut
1407 3320 1440 3381 in
1467 3319 1553 3398 atiquo

432 3437 501 3480 eum
525 3416 759 3503 offenderint-
779 3419 839 3498 „Et
858 3421 949 3500 ego,“.
974 3419 1077 3500 inquit,
1102 3419 1196 3498 ,scio,
1217 3420 1289 3482 nihii
1314 3428 1407 3487 extra
1430 3424 1553 3486 ordinem

431 3521 541 3583 iecisse
569 3528 616 3599 te,
646 3541 745 3603 neque
772 3541 842 3586 esso
871 3523 1034 3601 iacturum3
1065 3525 1191 3588 etuideo
1218 3525 1293 3587 haec
1316 3525 1436 3607 loquor
1459 3536 1553 3601 tecum,

430 3633 464 3688 ut
485 3643 667 3705 perseveres
675 3649 684 3704 3
716 3629 792 3690 bene
816 3629 893 3691 euim
915 3629 965 3691 hic
989 3629 1026 3692 de
1049 3636 1081 3701 te¹
1100 3629 1178 3710 apud
1200 3648 1248 3691 me
1274 3631 1476 3695 existimavit.
1518 3631 1554 3692 Tu

431 3737 530 3792 autern
554 3733 681 3793 caeteris
706 3732 780 3794 haec
802 3733 895 3795 verba
920 3732 1016 3813 dices,
1049 3741 1081 3797 ut
1103 3740 1132 3796 et
1156 3734 1214 3813 ilii,
1247 3735 1299 3814 qui
1332 3742 1485 3818 egerunt,
1513 3739 1554 3796 out

431 3834 526 3896 acturi
548 3841 616 3896 sunt
638 3838 866 3918 poenitentiam,
896 3837 1002 3900 eadem
1022 3857 1099 3919 quae
1123 3845 1154 3901 tu
1175 3839 1323 3918 sentiant,
1356 3848 1390 3904 et
1414 3844 1464 3906 hic
1486 3837 1553 3922 opud

430 3954 479 3997 mc
508 3936 545 3998 de
573 3939 611 4001 iis
640 3940 868 4022 interpretetur,
901 3949 931 4002 et
962 3961 1021 4024 ego
1048 3945 1126 4024 apud
1148 3943 1337 4006 Dominum.“
1392 3947 1451 4027 ,Et
1473 3944 1553 4028 ego,“

426 4040 566 4120 ‘inquam,
599 4042 757 4122 ,domine,
792 4045 871 4106 omni
902 4044 1013 4107 homini
1045 4047 1145 4110 indico
1175 4046 1326 4128 magnalia
1359 4051 1439 4128 Dei;
1473 4064 1552 4133 spero

431 4151 538 4226 autem,
561 4163 616 4210 eos
633 4165 748 4229 omnes,
771 4149 820 4229 qui
834 4156 934 4211 amant
949 4143 998 4228 ea,
1019 4157 1049 4215 et
1064 4157 1132 4243 ante
1148 4159 1365 4234 peccaverunt,
1382 4154 1552 4228 discutitis,

465 4369 494 4439 1)
513 4369 564 4424 co.
583 4370 701 4426 eroum.
720 4372 753 4427 au
770 4371 836 4426 usur.
855 4372 883 4425 u.
988 4378 993 4442 t
1043 4378 1072 4445 2)
1090 4339 1134 4434 scss
1147 4381 1270 4450 penne
1291 4387 1342 4442 mc
