3659 5209
461 383 604 438 annunti
618 383 753 437 Pteron.
790 384 886 437 ttttott
905 385 935 436 ll.
973 384 1120 441 othttttht.
1140 387 1181 453 ιιιΙ
1199 386 1254 441 lttt.
1357 389 1419 455 371

287 546 372 623 hunc
393 528 486 635 homo
509 553 628 643 putatur
650 549 784 628 spiritum
808 547 938 624 habere;
972 549 980 586 ¹
999 550 1110 613 exaltat
1132 549 1212 634 enim
1233 555 1335 628 sa‚.·et
1351 550 1421 615 uult

287 650 418 733 primam
441 650 611 717 dathedram
634 652 767 726 habere3
797 659 827 713 et
849 653 1001 733 improbus
1025 662 1070 716 est
1094 661 1124 716 et
1146 654 1311 734 verbosus,
1338 664 1368 719 et
1391 657 1421 721 in

289 757 408 819 deliciis
439 765 654 835 conversatur,
686 764 715 819 et
746 757 774 819 in
805 758 1005 838 voluptatibus
1038 760 1155 837 multis,
1190 765 1218 819 et
1252 760 1420 824 mercedem

287 861 400 942 accipit
429 861 618 924 divinationis
648 880 730 925 suae.
777 861 891 935 Quodsi
924 881 984 925 non
1014 865 1178 945 acceperit,
1209 881 1269 927 non
1301 865 1444 931 divinat.
1562 932 1571 955 ι

287 966 374 1029 ltane
397 966 518 1047 spiritus
541 960 597 1026 oet
619 972 718 1047 potest
741 965 897 1027 mercedes
921 967 1059 1047 accipere
1091 975 1120 1030 et
1147 968 1307 1031 divinare?
1326 1006 1329 1021 ·
1351 968 1420 1035 Non

288 1070 438 1133 convenit
459 1069 534 1133 haec
559 1069 660 1133 lacere
678 1070 733 1132 Dei
758 1067 961 1153 Prophetam].
1006 1070 1108 1134 llabes'
1128 1080 1322 1153 utrorumque
1342 1073 1420 1138 Pro-

286 1176 447 1258 phetarum
470 1175 568 1267 vitam.
613 1174 709 1237 Proba
733 1192 809 1258 ergo
834 1175 870 1236 de
894 1176 953 1237 rita
974 1182 1003 1237 et
1026 1179 1166 1258 operibus
1187 1179 1345 1257 hominem,
1369 1180 1420 1258 qui

287 1280 382 1359 dicit,
413 1296 448 1342 se
479 1280 611 1360 spiritum
642 1286 774 1343 sanctum
806 1281 926 1343 habere.
972 1282 1015 1343 Tu
1050 1290 1147 1345 autem
1181 1285 1273 1347 crede
1304 1286 1420 1366 spiritui

286 1386 459 1463 venientia
477 1386 551 1463 Deo,
575 1385 694 1448 habenti
718 1386 863 1459 virtutem.
910 1387 1030 1468 Spiritui
1046 1395 1143 1449 autem
1160 1389 1296 1451 terrestri
1306 1408 1418 1469 ¹vacuo,

287 1492 342 1572 qui
361 1510 383 1552 n
406 1489 525 1553 diaholo
549 1495 610 1568 est,
633 1491 663 1551 in
687 1509 747 1572 quo
770 1491 844 1554 fides
869 1510 928 1554 non
954 1498 1000 1554 est
1022 1511 1120 1573 neque
1146 1495 1259 1573 uirtus,
1292 1494 1419 1559 credere

286 1596 370 1677 noli..
408 1596 486 1658 Audi
511 1614 585 1677 ergo
609 1596 838 1675 similitudinem,
862 1616 949 1679 quarn
967 1599 1016 1660 tibi
1033 1598 1165 1661 dicturus
1186 1616 1259 1662 sum.
1305 1599 1418 1680 Accipe

285 1699 429 1782 lapidem,
453 1707 482 1762 et
505 1702 586 1762 mitte
609 1702 638 1762 in
661 1701 778 1764 coelum
786 1723 796 1778 3
823 1709 872 1764 aut
894 1705 1000 1767 iterum
1021 1705 1124 1786 accipe
1139 1704 1296 1785 siphonem
1312 1723 1418 1785 aquae,

286 1813 323 1871 et
344 1805 667 1888 ejaouulaincoelum3
699 1813 729 1866 et
760 1806 848 1884 vide,
875 1809 901 1869 si
933 1809 1031 1888 possis
1061 1808 1242 1889 pertundere
1271 1810 1418 1873 coelurn.“

289 1911 383 1991 „Quo
405 1909 531 1989 modo,“
556 1912 692 1991 inquam,
718 1909 874 1989 „domine,
907 1911 981 1975 haec
1003 1913 1068 1975 fieri
1092 1914 1242 1994 possent?
1287 1915 1419 1996 Utraque

288 2017 390 2096 enim,
413 2034 490 2097 quae
514 2015 630 2095 dixisti,
653 2015 718 2077 lieri
740 2034 800 2078 non
824 2016 986 2096 possunt.“
1034 2016 1143 2094 „Sicut
1166 2017 1419 2099 ergo,“·inqnit,

289 2121 391 2202 „haec
413 2123 478 2184 fleri
502 2140 563 2185 non
585 2128 711 2202 possunt
719 2141 728 2196 ;
757 2121 800 2182 sic
823 2120 943 2200 spiritus
958 2123 1119 2183 terrestris
1142 2122 1215 2197 sine
1229 2123 1339 2182 virtute
1362 2129 1418 2201 est,

288 2228 405 2303 ets-ine
420 2228 536 2293 ellectu.
575 2224 713 2306 ²Aceipe
736 2244 814 2287 nunc
837 2222 984 2304 virtutem,
1008 2226 1165 2289 desursum
1187 2225 1364 2302 venientem,
1388 2226 1418 2291 in

287 2333 350 2395 hac
372 2332 568 2395 similitudine.
614 2329 734 2393 Grando
759 2331 906 2392 minimum
929 2351 1054 2414 granum
1078 2338 1139 2408 est;
1171 2338 1200 2393 et
1227 2348 1316 2411 quum
1341 2328 1427 2392 cadib

288 2456 387 2520 super
410 2445 498 2520 caput
520 2437 664 2514 hominis,
697 2435 846 2516 quomodo
871 2435 992 2498 dolores
1013 2437 1171 2517 praestat?
1216 2435 1275 2497 hut
1301 2435 1418 2515 iterum,

289 2543 365 2607 uide
387 2543 574 2622 stillicidium,
598 2542 678 2624 quod
696 2560 712 2603 a
729 2542 828 2625 tegula
845 2542 922 2603 cadit
937 2543 967 2603 in
983 2549 1101 2620 terram,
1126 2547 1155 2604 et
1177 2545 1261 2603 cavat
1283 2540 1418 2623 lapidem.

290 2649 345 2715 Sic
362 2649 457 2730 igitur
480 2649 608 2727 minima,
632 2665 707 2728 quae
732 2644 888 2708 desursum
906 2646 1013 2710 cadunt
1031 2664 1123 2729 super
1142 2654 1260 2722 terram,
1283 2658 1419 2731 magnam

289 2753 405 2823 hahent
427 2753 574 2815 virtutem
620 2751 676 2815 Ad
664 2770 761 2834 punge
784 2757 813 2812 te
836 2768 911 2834 ergo
936 2751 1003 2815 huic
1023 2751 1141 2855 habenti
1161 2750 1308 2828 virtutem,
1333 2755 1363 2810 et
1382 2749 1419 2813 ab

289 2859 345 2923 illo
367 2876 465 2924 vacuo
488 2857 644 2976 recede.“
737 2878 766 2893 ··

386 3132 390 3139 .
605 3132 608 3137 .
720 3014 908 3147 blandulum
936 3002 1003 3148 llll.

289 3247 342 3313 De
366 3246 486 3325 duplici
509 3245 686 3324 cupiditate
723 3244 785 3305 Dei
806 3242 955 3313 mundato
976 3262 1040 3305 noar
1062 3260 1128 3303 esse
1148 3242 1368 3322 impossibilia,
1392 3253 1423 3309 et

514 3349 674 3413 diabolum
696 3368 758 3411 non
780 3329 973 3411 metuendum
995 3345 1201 3409 credentibus.

340 3478 495 3574 ³³Apov'
473 3470 541 3553 orco
562 3487 623 3552 σοῦ
644 3491 750 3552 πασαν
772 3483 844 3552 ἐπι
914 3488 950 3558 ι.Ι
965 3488 1073 3573 lterum
1098 3487 1170 3550 dixit
1191 3488 1277 3551 mihi:
1301 3484 1420 3567 ³„t'ollo

291 3590 418 3676 θυμιαν
437 3585 602 3679 πονηράν,
631 3588 760 3656 ἔνδυσαι
790 3585 845 3678 τήν
871 3612 887 3655 a
912 3600 941 3655 te
965 3611 1082 3655 omnem
1103 3592 1290 3673 cupiditatem
1306 3593 1421 3671 malam,·

292 3695 472 3780 ἐπιθυμίαν
485 3693 539 3784 τήν
554 3693 678 3782 ἆγαθήν
695 3693 750 3760 καὶ
769 3715 843 3776 σεμ-
872 3702 900 3758 et
924 3697 1014 3759 indue
1038 3697 1226 3776 cupiditatem
1252 3697 1359 3758 honam
1389 3682 1427 3755 el¹

292 3799 356 3889 νήν.
391 3797 606 3884 Ἐνδεδυμένος
626 3794 686 3889 ydp
705 3794 759 3887 τήν
773 3797 843 3866 ἐπι-
870 3809 1011 3866 sanctam.
1055 3799 1179 3863 lndutus
1201 3801 1278 3861 enim
1301 3796 1420 3878 cupidi-

333 3976 359 4042 ι)
371 3977 475 4030 Eadem
485 3977 545 4029 'vitia
558 3976 582 4027 in
593 3960 756 4028 mendacibus
766 3973 840 4026 blon-
905 3975 934 4040 2)
953 3975 1048 4042 Accipe
1066 3990 1101 4019 =
1120 3971 1219 4036 nepteo,
1237 3972 1366 4038 perspice.

294 4065 439 4117 tanistarum
483 4061 614 4131 Prophetis
659 4062 843 4128 redarguuntur
905 4061 934 4128 3)
954 4060 991 4111 Ex
1018 4058 1106 4112 lloctr.
1132 4060 1165 4109 nd
1188 4052 1313 4111 Antium:
1333 4071 1359 4111 n.
1378 4054 1419 4107 to.

294 4152 361 4219 apud
379 4152 535 4214 Eusebium,
557 4149 614 4201 hiat.
635 4147 746 4213 ccclv,
767 4147 798 4198 16
817 4156 843 4199 et
872 4163 896 4214 p.
915 4147 976 4199 256.

296 4237 338 4290 18.
367 4239 463 4289 Corae.

1141 4317 1214 4386 24³*

1472 3984 1491 4019 .ι
