3659 5209
648 524 770 581 tonant
787 523 944 580 urtsrota
963 524 1008 581 to
1027 525 1194 582 ROMANOS.
1234 572 1236 577 .
1420 534 1482 601 197

331 687 452 754 'corde
474 687 630 753 indivulso.
679 684 832 750 ¹Lustrari
861 684 902 750 ²a
928 688 1015 752 uobis
1041 689 1130 753 debet
1154 689 1275 772 spiritus
1303 709 1397 771 meus,
1421 712 1482 757 non

305 832 308 855 2
351 795 454 861 solum
485 813 578 873 nunc,
608 793 663 856 sed
686 799 716 855 et
738 791 857 874 quando
880 794 976 856 Deum
1000 802 1103 857 nactus
1126 795 1222 857 fuero.
1267 794 1375 858 Adhuc
1403 800 1481 861 enim

307 944 315 953 .
351 900 387 962 in
416 898 551 980 periculo
579 915 705 975 versor3
735 898 789 962 sed
820 897 917 971 tidelis
949 907 996 961 est
1017 900 1104 964 Pater
1134 899 1163 962 in
1186 898 1261 962 lesu
1283 899 1417 981 Christo,
1449 909 1482 966 ut

305 998 322 1071 'i
351 1005 475 1089 impleat
496 1004 669 1086 petitionem
692 1023 787 1068 meam
810 1012 840 1068 et
862 1010 1007 1080 vestram3
1031 1005 1060 1066 in
1077 1022 1137 1084 quo
1155 1010 1224 1087 opto
1247 1011 1278 1066 ut
1293 1005 1489 1082 inveniamini·

351 1112 423 1175 sine
444 1109 567 1173 macula.

800 1355 1036 1370 ——-=

717 1592 778 1647 nu
820 1589 1122 1661 montuosa

305 1777 322 1816 ,ς
440 1739 583 1822 lgnatius‚
607 1735 686 1821 ⁴qui
709 1743 738 1799 et
754 1737 961 1819 theophoris,
985 1738 1133 1802 ecclesiae
1148 1738 1380 1803 misericordiam
1401 1760 1479 1805 con-

305 1816 322 1926 ’,ἶ
485 1849 607 1908 secutae
630 1843 660 1905 in
683 1842 900 1925 magnificentia
923 1844 1016 1905 Patris
1040 1844 1171 1906 altissimi
1195 1841 1252 1908 ⁵et
1273 1845 1345 1907 Jesu
1362 1846 1479 1927 Christi,

305 1965 320 2031 ,ᾗ
485 1949 536 2012 lilii
559 1950 624 2031 ejus
647 1948 725 2011 unici
733 1969 743 2024 3
767 1949 913 2010 ecelesiae
937 1947 1062 2010 dilectae
1079 1955 1108 2009 et
1126 1948 1302 2012 illuminatae
1326 1951 1479 2014 voluntale
1550 1999 1555 2008 .

315 2068 317 2079 ·
487 2056 562 2136 ejus,
583 2053 711 2135 quivult
727 2053 836 2130 omnia,
858 2070 935 2132 quae
951 2059 1020 2113 sunt
1035 2053 1198 2114 secundum
1218 2054 1389 2116 charitatem
1405 2056 1479 2119 Jesu

366 2206 370 2213 .
432 2206 435 2211 .
487 2157 603 2236 eluisti,
625 2159 680 2220 Dei
696 2158 806 2232 nostri;
830 2174 906 2236 quae
924 2157 1010 2218 etiam
1026 2156 1176 2236 praesidet
1191 2159 1219 2220 in
1237 2153 1328 2222 6Ιοοο
1343 2163 1478 2241 regionis
1569 2147 1572 2151 ’

484 2262 693 2342 Rornanorum,
716 2263 805 2345 digna
821 2263 897 2338 Deo,
922 2260 1010 2343 digna
1034 2260 1154 2339 decore,
1178 2261 1276 2344 digna,
1299 2284 1376 2346 quae
1392 2266 1478 2329 beata

484 2369 689 2450 praedicetur,
715 2369 803 2450 digna
825 2366 929 2444 laude,
953 2367 1062 2448 digna,
1089 2361 1166 2445 iprae
1188 2367 1248 2429 voti
1271 2385 1394 2449 compos
1417 2371 1477 2446 liat,

305 2522 320 2559 ·÷
368 2504 389 2515 -·
424 2502 449 2545 ῃ
484 2475 575 2557 digne
591 2480 682 2550 easta,
701 2466 862 2535 ⁷universo
879 2473 977 2534 coetui
990 2472 1138 2534 charitalis
1149 2467 1477 2554 praesidens‚⁸Cliristi

305 2554 315 2580 ⁴
486 2585 516 2642 et
537 2579 630 2641 Patris
661 2579 780 2640 nomine
809 2578 966 2660 insignita,
997 2594 1083 2656 quam
1113 2582 1143 2638 et
1170 2576 1266 2639 saluto
1296 2578 1325 2639 in
1357 2580 1477 2641 nomine

485 2683 559 2751 Jesu
583 2683 705 2762 Christi,
727 2683 785 2746 „filii
807 2682 901 2744 Patris
910 2702 919 2758 ;
951 2682 1004 2759 iis,
1036 2681 1086 2763 qui
1116 2682 1280 2744 secundum
1305 2682 1423 2749 carnem
1447 2691 1477 2756 et

305 2826 312 2843 ·
485 2791 618 2872 spiritum
642 2789 735 2852 cuivis
759 2789 853 2870 ipsius
875 2793 1037 2868 praecepto
1060 2792 1126 2848 sunl
1151 2784 1279 2864 adunati,
1303 2789 1396 2869 gralia
1420 2789 1476 2851 Dei
1523 2777 1530 2796 ⁸

305 2950 318 2975 ,,
485 2889 745 2974 ⁹inseparabililer
774 2894 880 2974 repleti
911 2900 942 2954 et
971 2893 1006 2954 ab
1038 2893 1116 2954 omni
1147 2893 1245 2955 alieno
1276 2893 1379 2956 colore
1406 2901 1476 2957 sunt

305 2978 317 3046 2'
404 3034 409 3039 -
489 2995 697 3079 ¹⁰expurgali‚
719 2998 873 3079 plurimam
896 2998 925 3058 in
948 2997 1024 3061 Jesu
1047 2997 1181 3077 Christo,
1205 2998 1270 3061 Deo
1293 3005 1414 3078 nostro,
1446 3005 1476 3062 et

483 3104 678 3169 intaminatam
702 3110 772 3185 oplo
795 3104 928 3166 salutem.

383 3332 413 3394 t)
433 3329 452 3383 1.
473 3345 497 3381 e.
514 3331 671 3399 praesidens
689 3331 816 3384 anniversa
836 3346 897 3382 ena·
927 3327 957 3380 ll.
968 3326 997 3378 Ε.
1007 3327 1050 3393 tv,
1061 3327 1117 3396 23).
1141 3325 1160 3379 C
1163 3326 1192 3378 lr.
1207 3333 1297 3398 Rullo,
1312 3328 1368 3382 nnn
1378 3349 1403 3399 p.
1414 3333 1475 3387 456.

309 3468 312 3497 ,
352 3423 391 3474 tui
408 3421 625 3472 christianorum.
650 3415 728 3466 Simili
749 3417 823 3467 modo
844 3416 900 3466 An·
962 3417 992 3483 8)
1010 3416 1272 3482 ὃγτυεοῑΑτπιεηίυε
1288 3419 1366 3484 lupud
1383 3423 1475 3472 Pater-

305 3556 311 3591 Ι
353 3506 448 3558 tior-hia
472 3508 644 3567 npoaalppe'm
661 3505 701 3562 τῆς
718 3498 831 3564 &amelia
848 3519 899 3554 vo·
927 3521 1016 3562 manat,
1037 3502 1121 3570 ignat,
1137 3506 1210 3570 epist.
1229 3520 1253 3570 p.
1274 3505 1335 3559 132)
1357 3503 1476 3572 legerant

307 3648 309 3659 ‚
353 3602 423 3644 catur
448 3591 515 3659 apud
539 3588 596 3641 ioh.
615 3588 737 3661 Antioah.¹
756 3591 797 3641 ed.
817 3589 898 3642 Onon.
926 3588 1090 3655 ppanrdvouou
1110 3591 1200 3658 eisque
1219 3590 1287 3642 lavet
1304 3601 1379 3643 vetus
1393 3593 1474 3643 inter·

305 3736 306 3751 ἶ
354 3679 428 3732 1691.
443 3696 467 3746 p.
477 3678 538 3741 278,
556 3685 581 3728 et
594 3675 823 3742 Constantinopolis
835 3697 898 3734 προ-
927 3693 985 3743 pros
998 3676 1097 3740 latinus,
1117 3677 1240 3729 roddens:
1261 3681 1363 3732 Christi
1375 3682 1474 3732 liubana

305 3816 306 3825 p
351 3766 503 3826 natatoriam)
529 3767 567 3824 τῆς
590 3759 647 3827 alm
664 3761 730 3818 πόλις
748 3764 814 3830 apud
834 3763 898 3816 Gre·
927 3767 1014 3833 lepem.
1051 3763 1196 3814 Lectionern
1218 3766 1313 3816 codicis
1332 3762 1474 3816 Colbertini

351 3868 409 3923 gor.
428 3850 489 3903 Nan.
510 3849 578 3903 Orat
598 3850 641 3900 43.
659 3866 683 3902 n.
705 3851 736 3902 14
763 3852 803 3902 ed.
824 3851 898 3903 llau-
929 3846 1101 3916 chonirvuoc
1121 3872 1155 3896 =
1177 3853 1280 3904 Curiati
1304 3855 1408 3903 nomina
1425 3854 1473 3903 in-

350 3943 398 3993 rin.
419 3967 449 3978 -
469 3938 580 4005 lgnatiua
599 3940 654 4005 ipse
673 3939 725 3989 eo
744 3938 775 3990 ad
790 3938 897 4006 llagne-
926 3939 1034 4007 aipuitm
1051 3936 1163 3987 defendit
1174 3936 1340 3989 Jucobsonus.
1365 3934 1473 4000 Harmi-

348 4029 403 4081 81'08
421 4025 528 4078 scribite.
547 4028 718 4090 npoxm‘lpur‘ru
735 4027 764 4071 rai
782 4022 899 4075 inlaudati
926 4037 1032 4084 νυμος..
1051 4021 1178 4088 χρώματος
1196 4031 1221 4073 el
1238 4020 1264 4071 ἓν
1281 4019 1354 4084 'Ieiuno
1373 4024 1473 4088 Χριστῷ

348 4114 383 4172 εἷς
399 4111 480 4163 τόπον
498 4115 550 4164 θεοῖ.
586 4112 636 4164 Alii
654 4112 778 4180 lgnatium
797 4115 897 4165 litern—
926 4148 931 4159 .
950 4146 956 4158 .
974 4113 1067 4176 pulpam
1085 4126 1134 4161 non
1154 4119 1235 4161 exstat
1254 4110 1319 4176 apud
1339 4109 1437 4174 Syrum.

341 4204 451 4258 'litatem
463 4199 630 4251 Romanorum
650 4215 708 4268 erga
725 4199 897 4266 (ralmlau-
961 4199 989 4262 9)
1009 4196 1059 4248 Clr.
1079 4198 1159 4265 lgnat.
1179 4195 1211 4246 ati
1228 4194 1323 4262 Ephes.
1344 4211 1367 4248 c.
1386 4194 1411 4245 3.
1439 4187 1472 4244 ut

347 4290 414 4343 dare
433 4295 538 4356 putant,
557 4286 766 4356 quemadmodum
787 4294 813 4336 et
833 4286 897 4336 llio·
926 4285 1007 4352 liugn.
1027 4302 1048 4335 c.
1069 4287 1109 4336 15.

345 4376 439 4444 nysius
452 4371 640 4427 Corinth-eam
657 4374 769 4438 laudarit
786 4376 897 4440 illiceat·
944 4373 989 4442 10)
1009 4370 1060 4425 Cir.
1080 4375 1135 4443 lpn.
1154 4371 1187 4424 ad
1205 4368 1302 4422 Philad.
1322 4385 1344 4422 o.
1363 4367 1389 4421 3.
