<?xml version="1.0" encoding="UTF-8"?>
<!DOCTYPE html PUBLIC "-//W3C//DTD XHTML 1.0 Transitional//EN"
    "http://www.w3.org/TR/xhtml1/DTD/xhtml1-transitional.dtd">
<html xmlns="http://www.w3.org/1999/xhtml" xml:lang="en" lang="en">
 <head>
  <title>
</title>
<meta http-equiv="Content-Type" content="text/html;charset=utf-8" />
  <meta name='ocr-system' content='tesseract 3.04.00' />
  <meta name='ocr-capabilities' content='ocr_page ocr_carea ocr_par ocr_line ocrx_word'/>
</head>
<body>
  <div class='ocr_page' id='page_1' title='image "./patrumapostolic00hefegoog_0313.png"; bbox 0 0 3659 5209; ppageno 0'>
   <div class='ocr_carea' id='block_1_1' title="bbox 485 539 1435 629">
    <p class='ocr_par' dir='ltr' id='par_1_1' title="bbox 485 539 1435 629">
     <span class='ocr_line' id='line_1_1' title="bbox 485 539 1435 629; baseline 0.012 -34"><span class='ocrx_word' id='word_1_1' title='bbox 485 540 606 597; x_wconf 78' lang='lat' dir='ltr'><strong>robam</strong></span> <span class='ocrx_word' id='word_1_2' title='bbox 617 539 780 629; x_wconf 65' lang='lat' dir='ltr'><strong>-ttctsrout</strong></span> <span class='ocrx_word' id='word_1_3' title='bbox 799 541 845 596; x_wconf 75' lang='lat' dir='ltr'><strong>AD</strong></span> <span class='ocrx_word' id='word_1_4' title='bbox 864 540 1180 601; x_wconf 73' lang='lat' dir='ltr'><strong>PHleDELPHEiiSRS.</strong></span> <span class='ocrx_word' id='word_1_5' title='bbox 1199 545 1219 601; x_wconf 87' lang='lat'><strong>1.</strong></span> <span class='ocrx_word' id='word_1_6' title='bbox 1237 546 1270 601; x_wconf 83' lang='lat' dir='ltr'><strong>il.</strong></span> <span class='ocrx_word' id='word_1_7' title='bbox 1374 550 1435 617; x_wconf 79' lang='lat'><strong>211</strong></span> 
     </span>
    </p>
   </div>
   <div class='ocr_carea' id='block_1_2' title="bbox 532 768 1224 827">
    <p class='ocr_par' dir='ltr' id='par_1_2' title="bbox 532 768 1224 827">
     <span class='ocr_line' id='line_1_2' title="bbox 532 768 1224 827; baseline 0.001 -1"><span class='ocrx_word' id='word_1_8' title='bbox 532 769 594 827; x_wconf 79' lang='lat' dir='ltr'><strong>ab</strong></span> <span class='ocrx_word' id='word_1_9' title='bbox 630 768 1224 827; x_wconf 75' lang='lat' dir='ltr'><strong>Pfltbauabcflsltses.¹</strong></span> 
     </span>
    </p>
   </div>
   <div class='ocr_carea' id='block_1_3' title="bbox 401 911 1468 1535">
    <p class='ocr_par' dir='ltr' id='par_1_3' title="bbox 401 911 1468 1535">
     <span class='ocr_line' id='line_1_3' title="bbox 401 911 1468 1005; baseline 0.007 -29"><span class='ocrx_word' id='word_1_10' title='bbox 401 914 542 998; x_wconf 84' lang='lat' dir='ltr'><strong>ignatius,</strong></span> <span class='ocrx_word' id='word_1_11' title='bbox 569 911 643 994; x_wconf 77' lang='lat' dir='ltr'><strong>²qui</strong></span> <span class='ocrx_word' id='word_1_12' title='bbox 659 919 688 976; x_wconf 88' lang='lat' dir='ltr'><strong>et</strong></span> <span class='ocrx_word' id='word_1_13' title='bbox 705 913 912 996; x_wconf 86' lang='lat' dir='ltr'><strong>Tbeopborus,</strong></span> <span class='ocrx_word' id='word_1_14' title='bbox 934 915 1152 1005; x_wconf 80' lang='lat' dir='ltr'><strong>ecclesiaeDei</strong></span> <span class='ocrx_word' id='word_1_15' title='bbox 1167 917 1258 997; x_wconf 90' lang='lat' dir='ltr'><strong>patris</strong></span> <span class='ocrx_word' id='word_1_16' title='bbox 1274 923 1304 980; x_wconf 88' lang='lat' dir='ltr'><strong>et</strong></span> <span class='ocrx_word' id='word_1_17' title='bbox 1319 918 1438 984; x_wconf 80' lang='lat' dir='ltr'>Domini</span> <span class='ocrx_word' id='word_1_18' title='bbox 1463 953 1468 964; x_wconf 94' lang='lat'><em>·</em></span> 
     </span>
     <span class='ocr_line' id='line_1_4' title="bbox 445 1016 1438 1101; baseline 0.008 -22"><span class='ocrx_word' id='word_1_19' title='bbox 445 1017 517 1080; x_wconf 86' lang='lat' dir='ltr'><strong>Jesu</strong></span> <span class='ocrx_word' id='word_1_20' title='bbox 534 1017 652 1095; x_wconf 82' lang='lat' dir='ltr'><strong>Christi,</strong></span> <span class='ocrx_word' id='word_1_21' title='bbox 676 1036 753 1098; x_wconf 91' lang='lat' dir='ltr'><strong>quae</strong></span> <span class='ocrx_word' id='word_1_22' title='bbox 776 1024 821 1079; x_wconf 91' lang='lat' dir='ltr'><strong>est</strong></span> <span class='ocrx_word' id='word_1_23' title='bbox 837 1016 1056 1099; x_wconf 89' lang='lat' dir='ltr'><strong>Philadelpbiae</strong></span> <span class='ocrx_word' id='word_1_24' title='bbox 1079 1020 1108 1080; x_wconf 91' lang='lat' dir='ltr'><strong>in</strong></span> <span class='ocrx_word' id='word_1_25' title='bbox 1133 1017 1239 1101; x_wconf 79' lang='lat' dir='ltr'><strong>³Asia,</strong></span> <span class='ocrx_word' id='word_1_26' title='bbox 1263 1022 1438 1087; x_wconf 90' lang='lat' dir='ltr'><strong>misericor-</strong></span> 
     </span>
     <span class='ocr_line' id='line_1_5' title="bbox 445 1121 1439 1206; baseline 0.008 -23"><span class='ocrx_word' id='word_1_27' title='bbox 445 1121 739 1200; x_wconf 85' lang='lat' dir='ltr'><strong>diamconsecutae,</strong></span> <span class='ocrx_word' id='word_1_28' title='bbox 767 1128 796 1183; x_wconf 89' lang='lat' dir='ltr'><strong>ei</strong></span> <span class='ocrx_word' id='word_1_29' title='bbox 818 1122 950 1184; x_wconf 85' lang='lat' dir='ltr'><strong>firmatae</strong></span> <span class='ocrx_word' id='word_1_30' title='bbox 973 1125 1002 1184; x_wconf 91' lang='lat' dir='ltr'><strong>in</strong></span> <span class='ocrx_word' id='word_1_31' title='bbox 1025 1123 1185 1186; x_wconf 90' lang='lat' dir='ltr'><strong>concordia</strong></span> <span class='ocrx_word' id='word_1_32' title='bbox 1213 1144 1279 1187; x_wconf 88' lang='lat' dir='ltr'><strong>oum</strong></span> <span class='ocrx_word' id='word_1_33' title='bbox 1302 1126 1384 1206; x_wconf 90' lang='lat' dir='ltr'><strong>Deo,</strong></span> <span class='ocrx_word' id='word_1_34' title='bbox 1408 1136 1439 1192; x_wconf 92' lang='lat' dir='ltr'><strong>et</strong></span> 
     </span>
     <span class='ocr_line' id='line_1_6' title="bbox 446 1223 1438 1312; baseline 0.006 -26"><span class='ocrx_word' id='word_1_35' title='bbox 446 1226 603 1288; x_wconf 73' lang='lat' dir='ltr'><strong>exsultanti</strong></span> <span class='ocrx_word' id='word_1_36' title='bbox 624 1226 765 1306; x_wconf 82' lang='lat' dir='ltr'><strong>passione</strong></span> <span class='ocrx_word' id='word_1_37' title='bbox 781 1226 897 1288; x_wconf 87' lang='lat' dir='ltr'>Domini</span> <span class='ocrx_word' id='word_1_38' title='bbox 918 1226 1012 1289; x_wconf 87' lang='lat' dir='ltr'><strong>nostri</strong></span> <span class='ocrx_word' id='word_1_39' title='bbox 1035 1223 1307 1310; x_wconf 84' lang='lat' dir='ltr'><strong>⁴inseparabiiiter,</strong></span> <span class='ocrx_word' id='word_1_40' title='bbox 1331 1249 1366 1291; x_wconf 90' lang='lat' dir='ltr'><strong>ac</strong></span> <span class='ocrx_word' id='word_1_41' title='bbox 1383 1249 1438 1312; x_wconf 90' lang='lat' dir='ltr'><strong>per</strong></span> 
     </span>
     <span class='ocr_line' id='line_1_7' title="bbox 445 1330 1437 1413; baseline 0.004 -21"><span class='ocrx_word' id='word_1_42' title='bbox 445 1331 696 1393; x_wconf 68' lang='lat' dir='ltr'><strong>resurrectionem</strong></span> <span class='ocrx_word' id='word_1_43' title='bbox 713 1331 778 1413; x_wconf 87' lang='lat' dir='ltr'><strong>ejus</strong></span> <span class='ocrx_word' id='word_1_44' title='bbox 794 1330 882 1412; x_wconf 91' lang='lat' dir='ltr'><strong>plene</strong></span> <span class='ocrx_word' id='word_1_45' title='bbox 898 1330 1061 1393; x_wconf 86' lang='lat' dir='ltr'><strong>instructae</strong></span> <span class='ocrx_word' id='word_1_46' title='bbox 1078 1331 1116 1394; x_wconf 90' lang='lat' dir='ltr'><strong>de</strong></span> <span class='ocrx_word' id='word_1_47' title='bbox 1129 1334 1437 1411; x_wconf 83' lang='lat' dir='ltr'><strong>omnimisericordia3</strong></span> 
     </span>
     <span class='ocr_line' id='line_1_8' title="bbox 443 1431 1437 1535; baseline 0.006 -41"><span class='ocrx_word' id='word_1_48' title='bbox 443 1452 529 1515; x_wconf 90' lang='lat' dir='ltr'><strong>quam</strong></span> <span class='ocrx_word' id='word_1_49' title='bbox 561 1435 658 1497; x_wconf 91' lang='lat' dir='ltr'><strong>saluto</strong></span> <span class='ocrx_word' id='word_1_50' title='bbox 691 1431 744 1497; x_wconf 87' lang='lat' dir='ltr'><strong>⁵in</strong></span> <span class='ocrx_word' id='word_1_51' title='bbox 774 1437 922 1518; x_wconf 88' lang='lat' dir='ltr'><strong>sanguine</strong></span> <span class='ocrx_word' id='word_1_52' title='bbox 951 1433 1024 1535; x_wconf 72' lang='lat' dir='ltr'><strong>iesu</strong></span> <span class='ocrx_word' id='word_1_53' title='bbox 1048 1434 1170 1514; x_wconf 88' lang='lat' dir='ltr'><strong>Cbristi;</strong></span> <span class='ocrx_word' id='word_1_54' title='bbox 1202 1457 1279 1520; x_wconf 83' lang='lat' dir='ltr'><strong>quac</strong></span> <span class='ocrx_word' id='word_1_55' title='bbox 1309 1439 1437 1518; x_wconf 76' lang='lat' dir='ltr'><strong>ecclesia</strong></span> 
     </span>
    </p>
   </div>
   <div class='ocr_carea' id='block_1_4' title="bbox 338 1534 1444 2037">
    <p class='ocr_par' dir='ltr' id='par_1_4' title="bbox 338 1534 1444 2037">
     <span class='ocr_line' id='line_1_9' title="bbox 442 1534 1444 1622; baseline 0.005 -22"><span class='ocrx_word' id='word_1_56' title='bbox 442 1543 489 1600; x_wconf 86' lang='lat' dir='ltr'><strong>est</strong></span> <span class='ocrx_word' id='word_1_57' title='bbox 512 1538 651 1620; x_wconf 83' lang='lat' dir='ltr'><strong>gaudium</strong></span> <span class='ocrx_word' id='word_1_58' title='bbox 674 1534 796 1601; x_wconf 81' lang='lat' dir='ltr'><strong>6meum</strong></span> <span class='ocrx_word' id='word_1_59' title='bbox 816 1540 1028 1620; x_wconf 90' lang='lat' dir='ltr'><strong>sempiternum</strong></span> <span class='ocrx_word' id='word_1_60' title='bbox 1049 1547 1078 1602; x_wconf 91' lang='lat' dir='ltr'><strong>et</strong></span> <span class='ocrx_word' id='word_1_61' title='bbox 1099 1543 1221 1621; x_wconf 92' lang='lat' dir='ltr'><strong>stabile,</strong></span> <span class='ocrx_word' id='word_1_62' title='bbox 1245 1543 1389 1622; x_wconf 83' lang='lat' dir='ltr'><strong>maxime,</strong></span> <span class='ocrx_word' id='word_1_63' title='bbox 1412 1543 1444 1605; x_wconf 72' lang='lat' dir='ltr'><strong>si&#39;</strong></span> 
     </span>
     <span class='ocr_line' id='line_1_10' title="bbox 351 1644 1436 1728; baseline 0.006 -24"><span class='ocrx_word' id='word_1_64' title='bbox 351 1698 355 1704; x_wconf 91' lang='lat'>.</span> <span class='ocrx_word' id='word_1_65' title='bbox 442 1644 514 1706; x_wconf 87' lang='lat' dir='ltr'><strong>uniti</strong></span> <span class='ocrx_word' id='word_1_66' title='bbox 537 1650 606 1705; x_wconf 90' lang='lat' dir='ltr'><strong>sunt</strong></span> <span class='ocrx_word' id='word_1_67' title='bbox 630 1660 695 1704; x_wconf 87' lang='lat' dir='ltr'><strong>euro</strong></span> <span class='ocrx_word' id='word_1_68' title='bbox 720 1644 861 1725; x_wconf 91' lang='lat' dir='ltr'><strong>episcopo</strong></span> <span class='ocrx_word' id='word_1_69' title='bbox 892 1650 922 1706; x_wconf 88' lang='lat' dir='ltr'><strong>et</strong></span> <span class='ocrx_word' id='word_1_70' title='bbox 947 1645 1129 1726; x_wconf 80' lang='lat' dir='ltr'><strong>presbyteris</strong></span> <span class='ocrx_word' id='word_1_71' title='bbox 1153 1648 1218 1728; x_wconf 78' lang='lat' dir='ltr'><strong>eJus</strong></span> <span class='ocrx_word' id='word_1_72' title='bbox 1242 1653 1272 1709; x_wconf 89' lang='lat' dir='ltr'><strong>et</strong></span> <span class='ocrx_word' id='word_1_73' title='bbox 1294 1648 1436 1726; x_wconf 86' lang='lat' dir='ltr'><strong>diaconis,</strong></span> 
     </span>
     <span class='ocr_line' id='line_1_11' title="bbox 448 1739 1436 1832; baseline 0.006 -24"><span class='ocrx_word' id='word_1_74' title='bbox 448 1739 460 1780; x_wconf 85' lang='lat'>⁷</span> <span class='ocrx_word' id='word_1_75' title='bbox 470 1749 556 1830; x_wconf 84' lang='lat' dir='ltr'><strong>juxta</strong></span> <span class='ocrx_word' id='word_1_76' title='bbox 593 1748 768 1810; x_wconf 84' lang='lat' dir='ltr'><strong>sententiam</strong></span> <span class='ocrx_word' id='word_1_77' title='bbox 801 1747 910 1809; x_wconf 80' lang='lat' dir='ltr'><strong>Christi</strong></span> <span class='ocrx_word' id='word_1_78' title='bbox 943 1747 1123 1830; x_wconf 84' lang='lat' dir='ltr'><strong>designatis,</strong></span> <span class='ocrx_word' id='word_1_79' title='bbox 1162 1770 1238 1832; x_wconf 85' lang='lat' dir='ltr'><strong>quos</strong></span> <span class='ocrx_word' id='word_1_80' title='bbox 1273 1753 1436 1815; x_wconf 90' lang='lat' dir='ltr'><strong>secundum</strong></span> 
     </span>
     <span class='ocr_line' id='line_1_12' title="bbox 338 1850 1437 1937; baseline 0.005 -24"><span class='ocrx_word' id='word_1_81' title='bbox 338 1887 343 1892; x_wconf 95' lang='lat'><em>-</em></span> <span class='ocrx_word' id='word_1_82' title='bbox 443 1853 594 1935; x_wconf 90' lang='lat' dir='ltr'><strong>propriam</strong></span> <span class='ocrx_word' id='word_1_83' title='bbox 624 1853 805 1915; x_wconf 89' lang='lat' dir='ltr'><strong>voluntatem</strong></span> <span class='ocrx_word' id='word_1_84' title='bbox 836 1870 920 1915; x_wconf 91' lang='lat' dir='ltr'><strong>suam</strong></span> <span class='ocrx_word' id='word_1_85' title='bbox 949 1851 1075 1915; x_wconf 89' lang='lat' dir='ltr'><strong>firmavit</strong></span> <span class='ocrx_word' id='word_1_86' title='bbox 1096 1854 1125 1915; x_wconf 92' lang='lat' dir='ltr'><strong>in</strong></span> <span class='ocrx_word' id='word_1_87' title='bbox 1149 1856 1320 1936; x_wconf 87' lang='lat' dir='ltr'><strong>stabilitate,</strong></span> <span class='ocrx_word' id='word_1_88' title='bbox 1354 1850 1437 1937; x_wconf 87' lang='lat' dir='ltr'><strong>8per</strong></span> 
     </span>
     <span class='ocr_line' id='line_1_13' title="bbox 445 1955 858 2037; baseline -0.007 -18"><span class='ocrx_word' id='word_1_89' title='bbox 445 1965 578 2021; x_wconf 90' lang='lat' dir='ltr'><strong>sanctum</strong></span> <span class='ocrx_word' id='word_1_90' title='bbox 601 1976 686 2023; x_wconf 91' lang='lat' dir='ltr'><strong>suum</strong></span> <span class='ocrx_word' id='word_1_91' title='bbox 709 1955 858 2037; x_wconf 86' lang='lat' dir='ltr'><strong>Spiritum.</strong></span> 
     </span>
    </p>
   </div>
   <div class='ocr_carea' id='block_1_5' title="bbox 710 2143 1034 2227">
    <p class='ocr_par' dir='ltr' id='par_1_5' title="bbox 710 2143 1034 2227">
     <span class='ocr_line' id='line_1_14' title="bbox 710 2143 1034 2227; baseline -0.003 -17"><span class='ocrx_word' id='word_1_92' title='bbox 710 2147 731 2210; x_wconf 94' lang='lat' dir='ltr'><strong>i.</strong></span> <span class='ocrx_word' id='word_1_93' title='bbox 776 2145 863 2207; x_wconf 81' lang='lat' dir='ltr'><strong>Laos</strong></span> <span class='ocrx_word' id='word_1_94' title='bbox 886 2143 1034 2227; x_wconf 81' lang='lat' dir='ltr'><strong>episcopi.</strong></span> 
     </span>
    </p>
   </div>
   <div class='ocr_carea' id='block_1_6' title="bbox 329 2265 1436 3086">
    <p class='ocr_par' dir='ltr' id='par_1_6' title="bbox 329 2265 1436 3086">
     <span class='ocr_line' id='line_1_15' title="bbox 400 2265 1436 2355; baseline 0.002 -20"><span class='ocrx_word' id='word_1_95' title='bbox 400 2266 512 2335; x_wconf 87' lang='lat' dir='ltr'><strong>⁹Hunc</strong></span> <span class='ocrx_word' id='word_1_96' title='bbox 542 2272 713 2352; x_wconf 89' lang='lat' dir='ltr'><strong>episcopam</strong></span> <span class='ocrx_word' id='word_1_97' title='bbox 742 2270 890 2351; x_wconf 84' lang='lat' dir='ltr'><strong>cognovi,</strong></span> <span class='ocrx_word' id='word_1_98' title='bbox 924 2265 1022 2334; x_wconf 90' lang='lat' dir='ltr'><strong>¹⁰non</strong></span> <span class='ocrx_word' id='word_1_99' title='bbox 1053 2290 1070 2332; x_wconf 92' lang='lat' dir='ltr'><strong>a</strong></span> <span class='ocrx_word' id='word_1_100' title='bbox 1100 2271 1219 2351; x_wconf 92' lang='lat' dir='ltr'><strong>seipso,</strong></span> <span class='ocrx_word' id='word_1_101' title='bbox 1252 2291 1352 2354; x_wconf 89' lang='lat' dir='ltr'><strong>neque</strong></span> <span class='ocrx_word' id='word_1_102' title='bbox 1381 2293 1436 2355; x_wconf 89' lang='lat' dir='ltr'><strong>por</strong></span> 
     </span>
     <span class='ocr_line' id='line_1_16' title="bbox 329 2374 1436 2458; baseline -0.001 -18"><span class='ocrx_word' id='word_1_103' title='bbox 329 2377 463 2455; x_wconf 88' lang='lat' dir='ltr'><strong>omines,</strong></span> <span class='ocrx_word' id='word_1_104' title='bbox 497 2396 595 2458; x_wconf 85' lang='lat' dir='ltr'><strong>neque</strong></span> <span class='ocrx_word' id='word_1_105' title='bbox 626 2377 664 2438; x_wconf 91' lang='lat' dir='ltr'><strong>ob</strong></span> <span class='ocrx_word' id='word_1_106' title='bbox 697 2376 813 2437; x_wconf 92' lang='lat' dir='ltr'><strong>inanem</strong></span> <span class='ocrx_word' id='word_1_107' title='bbox 846 2375 991 2457; x_wconf 82' lang='lat' dir='ltr'><strong>gloriam,</strong></span> <span class='ocrx_word' id='word_1_108' title='bbox 1024 2374 1077 2437; x_wconf 91' lang='lat' dir='ltr'><strong>sed</strong></span> <span class='ocrx_word' id='word_1_109' title='bbox 1108 2374 1251 2438; x_wconf 88' lang='lat' dir='ltr'><strong>charitate</strong></span> <span class='ocrx_word' id='word_1_110' title='bbox 1281 2378 1373 2439; x_wconf 88' lang='lat' dir='ltr'><strong>Patris</strong></span> <span class='ocrx_word' id='word_1_111' title='bbox 1407 2384 1436 2439; x_wconf 90' lang='lat' dir='ltr'><strong>et</strong></span> 
     </span>
     <span class='ocr_line' id='line_1_17' title="bbox 329 2462 1435 2564; baseline -0.002 -19"><span class='ocrx_word' id='word_1_112' title='bbox 329 2462 433 2545; x_wconf 70' lang='lat' dir='ltr'><strong>&#39;omini</strong></span> <span class='ocrx_word' id='word_1_113' title='bbox 464 2480 539 2544; x_wconf 85' lang='lat' dir='ltr'><strong>iesu</strong></span> <span class='ocrx_word' id='word_1_114' title='bbox 570 2481 679 2544; x_wconf 83' lang='lat' dir='ltr'><strong>Christi</strong></span> <span class='ocrx_word' id='word_1_115' title='bbox 716 2481 879 2544; x_wconf 90' lang='lat' dir='ltr'><strong>obtinuisse</strong></span> <span class='ocrx_word' id='word_1_116' title='bbox 915 2481 1109 2544; x_wconf 90' lang='lat' dir='ltr'><strong>ministerium</strong></span> <span class='ocrx_word' id='word_1_117' title='bbox 1146 2480 1272 2564; x_wconf 83' lang='lat' dir='ltr'><strong>regendi</strong></span> <span class='ocrx_word' id='word_1_118' title='bbox 1309 2488 1435 2544; x_wconf 90' lang='lat' dir='ltr'><strong>coetum.</strong></span> 
     </span>
     <span class='ocr_line' id='line_1_18' title="bbox 329 2582 1435 2668; baseline -0.002 -18"><span class='ocrx_word' id='word_1_119' title='bbox 329 2582 403 2650; x_wconf 49' lang='lat' dir='ltr'><strong>*aide</strong></span> <span class='ocrx_word' id='word_1_120' title='bbox 420 2584 577 2648; x_wconf 86' lang='lat' dir='ltr'><strong>admiratus</strong></span> <span class='ocrx_word' id='word_1_121' title='bbox 596 2604 662 2648; x_wconf 91' lang='lat' dir='ltr'><strong>sum</strong></span> <span class='ocrx_word' id='word_1_122' title='bbox 679 2587 744 2668; x_wconf 89' lang='lat' dir='ltr'><strong>ejus</strong></span> <span class='ocrx_word' id='word_1_123' title='bbox 760 2585 943 2664; x_wconf 81' lang='lat' dir='ltr'><strong>modestiam,</strong></span> <span class='ocrx_word' id='word_1_124' title='bbox 968 2585 1018 2664; x_wconf 87' lang='lat' dir='ltr'><strong>qui</strong></span> <span class='ocrx_word' id='word_1_125' title='bbox 1045 2582 1065 2622; x_wconf 87' lang='lat'><strong>¹¹</strong></span> <span class='ocrx_word' id='word_1_126' title='bbox 1079 2583 1196 2647; x_wconf 92' lang='lat' dir='ltr'><strong>silendo</strong></span> <span class='ocrx_word' id='word_1_127' title='bbox 1212 2587 1362 2666; x_wconf 91' lang='lat' dir='ltr'><strong>potentior</strong></span> <span class='ocrx_word' id='word_1_128' title='bbox 1380 2593 1435 2666; x_wconf 89' lang='lat' dir='ltr'><strong>est,</strong></span> 
     </span>
     <span class='ocr_line' id='line_1_19' title="bbox 329 2687 1435 2774; baseline -0.004 -19"><span class='ocrx_word' id='word_1_129' title='bbox 329 2710 395 2755; x_wconf 86' lang='lat' dir='ltr'><strong>uam</strong></span> <span class='ocrx_word' id='word_1_130' title='bbox 413 2692 463 2773; x_wconf 89' lang='lat' dir='ltr'><strong>qui</strong></span> <span class='ocrx_word' id='word_1_131' title='bbox 479 2710 555 2753; x_wconf 88' lang='lat' dir='ltr'><strong>vana</strong></span> <span class='ocrx_word' id='word_1_132' title='bbox 576 2692 745 2771; x_wconf 90' lang='lat' dir='ltr'><strong>loquuntur.</strong></span> <span class='ocrx_word' id='word_1_133' title='bbox 787 2687 811 2726; x_wconf 74' lang='lat'><strong>¹²</strong></span> <span class='ocrx_word' id='word_1_134' title='bbox 824 2689 982 2753; x_wconf 83' lang='lat' dir='ltr'><strong>Consonus</strong></span> <span class='ocrx_word' id='word_1_135' title='bbox 1002 2689 1080 2750; x_wconf 90' lang='lat' dir='ltr'><strong>enim</strong></span> <span class='ocrx_word' id='word_1_136' title='bbox 1100 2696 1147 2752; x_wconf 89' lang='lat' dir='ltr'><strong>est</strong></span> <span class='ocrx_word' id='word_1_137' title='bbox 1167 2690 1309 2756; x_wconf 90' lang='lat' dir='ltr'><strong>mandatis</strong></span> <span class='ocrx_word' id='word_1_138' title='bbox 1328 2687 1435 2774; x_wconf 86' lang='lat' dir='ltr'><strong>(Dei),</strong></span> 
     </span>
     <span class='ocr_line' id='line_1_20' title="bbox 329 2791 1435 2877; baseline -0.002 -18"><span class='ocrx_word' id='word_1_139' title='bbox 329 2797 474 2859; x_wconf 84' lang='lat' dir='ltr'><strong>icitbara</strong></span> <span class='ocrx_word' id='word_1_140' title='bbox 497 2795 627 2858; x_wconf 84' lang='lat' dir='ltr'><strong>chordis.</strong></span> <span class='ocrx_word' id='word_1_141' title='bbox 674 2795 863 2876; x_wconf 86' lang='lat' dir='ltr'><strong>Quapropter</strong></span> <span class='ocrx_word' id='word_1_142' title='bbox 893 2793 1010 2856; x_wconf 87' lang='lat' dir='ltr'><strong>beatam</strong></span> <span class='ocrx_word' id='word_1_143' title='bbox 1039 2791 1181 2873; x_wconf 91' lang='lat' dir='ltr'><strong>praedico</strong></span> <span class='ocrx_word' id='word_1_144' title='bbox 1215 2801 1342 2863; x_wconf 86' lang='lat' dir='ltr'><strong>mentem</strong></span> <span class='ocrx_word' id='word_1_145' title='bbox 1369 2796 1435 2877; x_wconf 92' lang='lat' dir='ltr'><strong>ejus</strong></span> 
     </span>
     <span class='ocr_line' id='line_1_21' title="bbox 329 2896 1434 2979; baseline 0.001 -18"><span class='ocrx_word' id='word_1_146' title='bbox 329 2900 396 2978; x_wconf 90' lang='lat' dir='ltr'><strong>iarn,</strong></span> <span class='ocrx_word' id='word_1_147' title='bbox 420 2917 485 2962; x_wconf 90' lang='lat' dir='ltr'><strong>earn</strong></span> <span class='ocrx_word' id='word_1_148' title='bbox 507 2900 664 2962; x_wconf 86' lang='lat' dir='ltr'><strong>virtutibus</strong></span> <span class='ocrx_word' id='word_1_149' title='bbox 688 2905 820 2961; x_wconf 91' lang='lat' dir='ltr'><strong>ornatam</strong></span> <span class='ocrx_word' id='word_1_150' title='bbox 845 2904 874 2960; x_wconf 88' lang='lat' dir='ltr'><strong>et</strong></span> <span class='ocrx_word' id='word_1_151' title='bbox 895 2896 1059 2979; x_wconf 87' lang='lat' dir='ltr'><strong>perlectam</strong></span> <span class='ocrx_word' id='word_1_152' title='bbox 1082 2898 1192 2978; x_wconf 89' lang='lat' dir='ltr'><strong>sciens,</strong></span> <span class='ocrx_word' id='word_1_153' title='bbox 1219 2907 1250 2962; x_wconf 90' lang='lat' dir='ltr'><strong>et</strong></span> <span class='ocrx_word' id='word_1_154' title='bbox 1273 2899 1434 2962; x_wconf 89' lang='lat' dir='ltr'><strong>immobili-</strong></span> 
     </span>
     <span class='ocr_line' id='line_1_22' title="bbox 329 3000 1258 3086; baseline -0.001 -20"><span class='ocrx_word' id='word_1_155' title='bbox 329 3011 399 3067; x_wconf 81' lang='lat' dir='ltr'><strong>rtem</strong></span> <span class='ocrx_word' id='word_1_156' title='bbox 423 3005 488 3086; x_wconf 88' lang='lat' dir='ltr'><strong>ejus</strong></span> <span class='ocrx_word' id='word_1_157' title='bbox 512 3005 717 3068; x_wconf 82' lang='lat' dir='ltr'><strong>solenitatem</strong></span> <span class='ocrx_word' id='word_1_158' title='bbox 741 3003 833 3066; x_wconf 90' lang='lat' dir='ltr'><strong>instar</strong></span> <span class='ocrx_word' id='word_1_159' title='bbox 857 3000 1090 3065; x_wconf 91' lang='lat' dir='ltr'><strong>mansuetudinis</strong></span> <span class='ocrx_word' id='word_1_160' title='bbox 1112 3003 1167 3066; x_wconf 92' lang='lat' dir='ltr'><strong>Dei</strong></span> <span class='ocrx_word' id='word_1_161' title='bbox 1189 3002 1258 3067; x_wconf 88' lang='lat' dir='ltr'><strong>vivi.</strong></span> 
     </span>
    </p>
   </div>
   <div class='ocr_carea' id='block_1_7' title="bbox 329 3186 1461 3400">
    <p class='ocr_par' dir='ltr' id='par_1_7' title="bbox 329 3186 1461 3400">
     <span class='ocr_line' id='line_1_23' title="bbox 329 3186 1461 3274; baseline 0.001 -16"><span class='ocrx_word' id='word_1_162' title='bbox 329 3243 338 3258; x_wconf 88' lang='lat'><strong>.</strong></span> <span class='ocrx_word' id='word_1_163' title='bbox 381 3195 491 3257; x_wconf 77' lang='lat' dir='ltr'><strong>Tenere</strong></span> <span class='ocrx_word' id='word_1_164' title='bbox 513 3196 660 3258; x_wconf 80' lang='lat' dir='ltr'><strong>saionem</strong></span> <span class='ocrx_word' id='word_1_165' title='bbox 684 3213 752 3257; x_wconf 82' lang='lat' dir='ltr'><strong>cam</strong></span> <span class='ocrx_word' id='word_1_166' title='bbox 774 3192 935 3273; x_wconf 83' lang='lat' dir='ltr'><strong>episcopo,</strong></span> <span class='ocrx_word' id='word_1_167' title='bbox 961 3202 991 3255; x_wconf 84' lang='lat' dir='ltr'><strong>et</strong></span> <span class='ocrx_word' id='word_1_168' title='bbox 1007 3193 1107 3274; x_wconf 79' lang='lat' dir='ltr'><strong>sopite</strong></span> <span class='ocrx_word' id='word_1_169' title='bbox 1119 3213 1242 3274; x_wconf 80' lang='lat' dir='ltr'><strong>pravas</strong></span> <span class='ocrx_word' id='word_1_170' title='bbox 1259 3195 1432 3259; x_wconf 83' lang='lat' dir='ltr'><strong>doctrinas.</strong></span> <span class='ocrx_word' id='word_1_171' title='bbox 1457 3186 1461 3197; x_wconf 80' lang='grc'>’</span> 
     </span>
     <span class='ocr_line' id='line_1_24' title="bbox 398 3313 1431 3400; baseline 0 -20"><span class='ocrx_word' id='word_1_172' title='bbox 398 3313 424 3356; x_wconf 82' lang='lat'><strong>¹³</strong></span> <span class='ocrx_word' id='word_1_173' title='bbox 434 3317 498 3380; x_wconf 86' lang='lat' dir='ltr'><strong>Filii</strong></span> <span class='ocrx_word' id='word_1_174' title='bbox 520 3318 619 3399; x_wconf 86' lang='lat' dir='ltr'><strong>itaque</strong></span> <span class='ocrx_word' id='word_1_175' title='bbox 640 3317 715 3380; x_wconf 92' lang='lat' dir='ltr'><strong>lucis</strong></span> <span class='ocrx_word' id='word_1_176' title='bbox 739 3323 769 3380; x_wconf 90' lang='lat' dir='ltr'><strong>et</strong></span> <span class='ocrx_word' id='word_1_177' title='bbox 788 3316 933 3396; x_wconf 86' lang='lat' dir='ltr'><strong>veritatis,</strong></span> <span class='ocrx_word' id='word_1_178' title='bbox 955 3314 1050 3398; x_wconf 80' lang='lat' dir='ltr'><strong>sugite</strong></span> <span class='ocrx_word' id='word_1_179' title='bbox 1073 3315 1249 3380; x_wconf 87' lang='lat' dir='ltr'><strong>divisionem</strong></span> <span class='ocrx_word' id='word_1_180' title='bbox 1272 3323 1302 3380; x_wconf 87' lang='lat' dir='ltr'><strong>et</strong></span> <span class='ocrx_word' id='word_1_181' title='bbox 1323 3336 1431 3400; x_wconf 90' lang='lat' dir='ltr'><strong>pravas</strong></span> 
     </span>
    </p>
   </div>
   <div class='ocr_carea' id='block_1_8' title="bbox 329 3504 1431 4440">
    <p class='ocr_par' dir='ltr' id='par_1_8' title="bbox 329 3504 1431 3922">
     <span class='ocr_line' id='line_1_25' title="bbox 347 3504 1430 3575; baseline -0.003 -17"><span class='ocrx_word' id='word_1_182' title='bbox 347 3508 377 3571; x_wconf 87' lang='grc'><strong>8)</strong></span> <span class='ocrx_word' id='word_1_183' title='bbox 396 3505 473 3557; x_wconf 89' lang='lat' dir='ltr'><strong>Vetus</strong></span> <span class='ocrx_word' id='word_1_184' title='bbox 497 3508 623 3573; x_wconf 84' lang='lat' dir='ltr'><strong>interpres</strong></span> <span class='ocrx_word' id='word_1_185' title='bbox 637 3504 737 3557; x_wconf 81' lang='lat' dir='ltr'><strong>&#39;latinus</strong></span> <span class='ocrx_word' id='word_1_186' title='bbox 764 3507 855 3575; x_wconf 77' lang='lat' dir='ltr'><strong>vertit:</strong></span> <span class='ocrx_word' id='word_1_187' title='bbox 882 3521 912 3556; x_wconf 89' lang='lat' dir='ltr'><strong>ac</strong></span> <span class='ocrx_word' id='word_1_188' title='bbox 921 3513 1077 3557; x_wconf 88' lang='lat' dir='ltr'><strong>mansuetum</strong></span> <span class='ocrx_word' id='word_1_189' title='bbox 1086 3522 1147 3574; x_wconf 77' lang='lat' dir='ltr'><strong>erga</strong></span> <span class='ocrx_word' id='word_1_190' title='bbox 1157 3506 1335 3574; x_wconf 78' lang='lat' dir='ltr'><strong>immorigeros</strong></span> <span class='ocrx_word' id='word_1_191' title='bbox 1343 3506 1430 3573; x_wconf 77' lang='lat' dir='ltr'><strong>gessit,</strong></span> 
     </span>
     <span class='ocr_line' id='line_1_26' title="bbox 329 3584 1431 3664; baseline -0.005 -18"><span class='ocrx_word' id='word_1_192' title='bbox 329 3615 331 3646; x_wconf 80' lang='lat' dir='ltr'><strong>r</strong></span> <span class='ocrx_word' id='word_1_193' title='bbox 353 3584 515 3663; x_wconf 72' lang='lat' dir='ltr'><strong>firrnitmiine</strong></span> <span class='ocrx_word' id='word_1_194' title='bbox 533 3595 621 3660; x_wconf 77' lang='lat' dir='ltr'><strong>sancti</strong></span> <span class='ocrx_word' id='word_1_195' title='bbox 639 3595 753 3660; x_wconf 78' lang='lat' dir='ltr'><strong>spiritus</strong></span> <span class='ocrx_word' id='word_1_196' title='bbox 766 3595 855 3660; x_wconf 78' lang='lat' dir='ltr'><strong>ipsius</strong></span> <span class='ocrx_word' id='word_1_197' title='bbox 882 3599 909 3643; x_wconf 86' lang='lat' dir='ltr'><strong>et</strong></span> <span class='ocrx_word' id='word_1_198' title='bbox 931 3594 1041 3644; x_wconf 82' lang='lat' dir='ltr'><strong>tacuisse</strong></span> <span class='ocrx_word' id='word_1_199' title='bbox 1064 3595 1133 3664; x_wconf 81' lang='lat' dir='ltr'><strong>visus</strong></span> <span class='ocrx_word' id='word_1_200' title='bbox 1158 3600 1213 3657; x_wconf 88' lang='lat' dir='ltr'><strong>eat,</strong></span> <span class='ocrx_word' id='word_1_201' title='bbox 1240 3591 1322 3642; x_wconf 84' lang='lat' dir='ltr'><strong>isthoc</strong></span> <span class='ocrx_word' id='word_1_202' title='bbox 1347 3599 1431 3641; x_wconf 87' lang='lat' dir='ltr'><strong>tamen</strong></span> 
     </span>
     <span class='ocr_line' id='line_1_27' title="bbox 329 3673 1430 3745; baseline 0 -17"><span class='ocrx_word' id='word_1_203' title='bbox 329 3703 344 3728; x_wconf 90' lang='lat'>=</span> <span class='ocrx_word' id='word_1_204' title='bbox 364 3678 391 3727; x_wconf 74' lang='grc' dir='ltr'><strong>ἐν</strong></span> <span class='ocrx_word' id='word_1_205' title='bbox 407 3676 558 3743; x_wconf 74' lang='grc' dir='ltr'><em>βεβαιωσὺνῃ</em></span> <span class='ocrx_word' id='word_1_206' title='bbox 581 3679 610 3726; x_wconf 77' lang='lat' dir='ltr'><strong>rai</strong></span> <span class='ocrx_word' id='word_1_207' title='bbox 627 3674 682 3744; x_wconf 75' lang='lat' dir='ltr'><strong>sipia</strong></span> <span class='ocrx_word' id='word_1_208' title='bbox 700 3673 759 3727; x_wconf 75' lang='lat' dir='ltr'><strong>adri</strong></span> <span class='ocrx_word' id='word_1_209' title='bbox 777 3674 854 3727; x_wconf 78' lang='grc' dir='ltr'><strong>πνεὺ-</strong></span> <span class='ocrx_word' id='word_1_210' title='bbox 881 3677 982 3729; x_wconf 87' lang='lat' dir='ltr'><strong>silentio</strong></span> <span class='ocrx_word' id='word_1_211' title='bbox 996 3680 1132 3745; x_wconf 87' lang='lat' dir='ltr'><strong>potentior,</strong></span> <span class='ocrx_word' id='word_1_212' title='bbox 1151 3685 1278 3744; x_wconf 83' lang='lat' dir='ltr'><strong>potestate</strong></span> <span class='ocrx_word' id='word_1_213' title='bbox 1292 3677 1430 3744; x_wconf 87' lang='lat' dir='ltr'><strong>episcopali</strong></span> 
     </span>
     <span class='ocr_line' id='line_1_28' title="bbox 329 3763 1431 3835; baseline -0.001 -20"><span class='ocrx_word' id='word_1_214' title='bbox 329 3785 396 3827; x_wconf 75' lang='grc' dir='ltr'><strong><em>πος,</em></strong></span> <span class='ocrx_word' id='word_1_215' title='bbox 415 3766 482 3835; x_wconf 86' lang='lat' dir='ltr'><strong>qnod</strong></span> <span class='ocrx_word' id='word_1_216' title='bbox 499 3765 625 3818; x_wconf 88' lang='lat' dir='ltr'><strong>Bunsenio</strong></span> <span class='ocrx_word' id='word_1_217' title='bbox 643 3763 736 3831; x_wconf 87' lang='lat' dir='ltr'><strong>piacet.</strong></span> <span class='ocrx_word' id='word_1_218' title='bbox 761 3767 854 3816; x_wconf 80' lang='lat' dir='ltr'><strong>Arme·</strong></span> <span class='ocrx_word' id='word_1_219' title='bbox 881 3773 999 3832; x_wconf 90' lang='lat' dir='ltr'><strong>ternpore</strong></span> <span class='ocrx_word' id='word_1_220' title='bbox 1016 3765 1153 3821; x_wconf 85' lang='lat' dir='ltr'><strong>commodo¹</strong></span> <span class='ocrx_word' id='word_1_221' title='bbox 1170 3764 1260 3830; x_wconf 88' lang='lat' dir='ltr'><strong>majori</strong></span> <span class='ocrx_word' id='word_1_222' title='bbox 1278 3779 1334 3816; x_wconf 89' lang='lat' dir='ltr'><strong>cum</strong></span> <span class='ocrx_word' id='word_1_223' title='bbox 1347 3763 1431 3815; x_wconf 86' lang='lat' dir='ltr'><strong>iructa</strong></span> 
     </span>
     <span class='ocr_line' id='line_1_29' title="bbox 329 3854 1097 3922; baseline 0 -20"><span class='ocrx_word' id='word_1_224' title='bbox 329 3869 374 3903; x_wconf 81' lang='lat' dir='ltr'><strong>ns:</strong></span> <span class='ocrx_word' id='word_1_225' title='bbox 387 3855 852 3922; x_wconf 70' lang='lat' dir='ltr'><strong>parimmutabilemspiretamsaum.</strong></span> <span class='ocrx_word' id='word_1_226' title='bbox 881 3865 980 3901; x_wconf 87' lang='lat' dir='ltr'><strong>usurus.</strong></span> <span class='ocrx_word' id='word_1_227' title='bbox 1008 3854 1097 3902; x_wconf 77' lang='lat' dir='ltr'><strong>Sarra.</strong></span> 
     </span>
    </p>

    <p class='ocr_par' dir='ltr' id='par_1_9' title="bbox 329 3934 1430 4440">
     <span class='ocr_line' id='line_1_30' title="bbox 341 3934 1361 4010; baseline -0.002 -20"><span class='ocrx_word' id='word_1_228' title='bbox 341 3938 370 4002; x_wconf 76' lang='lat'><strong>9)</strong></span> <span class='ocrx_word' id='word_1_229' title='bbox 390 3939 408 3990; x_wconf 87' lang='grc' dir='ltr'><strong>Ι.</strong></span> <span class='ocrx_word' id='word_1_230' title='bbox 428 3955 450 3992; x_wconf 84' lang='lat' dir='ltr'><strong>e.</strong></span> <span class='ocrx_word' id='word_1_231' title='bbox 478 3942 630 4010; x_wconf 80' lang='lat' dir='ltr'><strong>episcopum</strong></span> <span class='ocrx_word' id='word_1_232' title='bbox 657 3955 742 4008; x_wconf 78' lang='lat' dir='ltr'><strong>supra</strong></span> <span class='ocrx_word' id='word_1_233' title='bbox 760 3942 789 3992; x_wconf 85' lang='lat' dir='ltr'><strong>irt</strong></span> <span class='ocrx_word' id='word_1_234' title='bbox 806 3941 853 3992; x_wconf 84' lang='lat' dir='ltr'><strong>ia-</strong></span> <span class='ocrx_word' id='word_1_235' title='bbox 900 3935 946 4002; x_wconf 82' lang='lat'><strong>12)</strong></span> <span class='ocrx_word' id='word_1_236' title='bbox 965 3935 1015 3988; x_wconf 84' lang='lat' dir='ltr'><strong>Cir.</strong></span> <span class='ocrx_word' id='word_1_237' title='bbox 1035 3954 1111 4005; x_wconf 88' lang='lat' dir='ltr'><strong>supra</strong></span> <span class='ocrx_word' id='word_1_238' title='bbox 1130 3934 1274 4005; x_wconf 82' lang='lat' dir='ltr'><strong>adlipbes.</strong></span> <span class='ocrx_word' id='word_1_239' title='bbox 1290 3953 1317 3999; x_wconf 69' lang='grc' dir='ltr'><strong>ρ.</strong></span> <span class='ocrx_word' id='word_1_240' title='bbox 1337 3936 1361 3988; x_wconf 82' lang='grc'><strong>4.</strong></span> 
     </span>
     <span class='ocr_line' id='line_1_31' title="bbox 329 4021 1430 4095; baseline -0.006 -17"><span class='ocrx_word' id='word_1_241' title='bbox 329 4027 450 4095; x_wconf 73' lang='lat' dir='ltr'><strong>rriptiosta</strong></span> <span class='ocrx_word' id='word_1_242' title='bbox 467 4035 647 4080; x_wconf 75' lang='lat' dir='ltr'><strong>mercoralem.</strong></span> <span class='ocrx_word' id='word_1_243' title='bbox 899 4021 946 4090; x_wconf 84' lang='lat' dir='ltr'><strong>la)</strong></span> <span class='ocrx_word' id='word_1_244' title='bbox 964 4022 1040 4074; x_wconf 83' lang='lat' dir='ltr'><strong>licite</strong></span> <span class='ocrx_word' id='word_1_245' title='bbox 1065 4023 1083 4074; x_wconf 88' lang='lat'><strong>1.</strong></span> <span class='ocrx_word' id='word_1_246' title='bbox 1103 4039 1125 4075; x_wconf 90' lang='lat' dir='ltr'><strong>c.</strong></span> <span class='ocrx_word' id='word_1_247' title='bbox 1149 4040 1174 4091; x_wconf 91' lang='lat' dir='ltr'><strong>p.</strong></span> <span class='ocrx_word' id='word_1_248' title='bbox 1193 4023 1244 4074; x_wconf 78' lang='lat'><strong>234</strong></span> <span class='ocrx_word' id='word_1_249' title='bbox 1271 4031 1329 4074; x_wconf 87' lang='lat' dir='ltr'><strong>aute</strong></span> <span class='ocrx_word' id='word_1_250' title='bbox 1356 4023 1430 4071; x_wconf 66' lang='grc' dir='ltr'><em>τέκνα</em></span> 
     </span>
     <span class='ocr_line' id='line_1_32' title="bbox 329 4101 1429 4177; baseline -0.009 -13"><span class='ocrx_word' id='word_1_251' title='bbox 329 4111 370 4174; x_wconf 84' lang='grc'><strong>10)</strong></span> <span class='ocrx_word' id='word_1_252' title='bbox 390 4108 440 4164; x_wconf 83' lang='lat' dir='ltr'><strong>cn.</strong></span> <span class='ocrx_word' id='word_1_253' title='bbox 460 4112 512 4164; x_wconf 90' lang='lat' dir='ltr'><strong>Gai.</strong></span> <span class='ocrx_word' id='word_1_254' title='bbox 534 4115 557 4177; x_wconf 89' lang='lat' dir='ltr'><strong>i,</strong></span> <span class='ocrx_word' id='word_1_255' title='bbox 578 4111 602 4161; x_wconf 86' lang='lat' dir='ltr'><strong>l.</strong></span> <span class='ocrx_word' id='word_1_256' title='bbox 881 4125 913 4161; x_wconf 86' lang='lat' dir='ltr'><strong>ex</strong></span> <span class='ocrx_word' id='word_1_257' title='bbox 928 4108 1110 4176; x_wconf 79' lang='lat' dir='ltr'><strong>interpolatore</strong></span> <span class='ocrx_word' id='word_1_258' title='bbox 1128 4109 1199 4160; x_wconf 86' lang='lat' dir='ltr'><strong>addit</strong></span> <span class='ocrx_word' id='word_1_259' title='bbox 1217 4105 1254 4164; x_wconf 81' lang='lat' dir='ltr'><strong>aa‘e·</strong></span> <span class='ocrx_word' id='word_1_260' title='bbox 1283 4109 1350 4160; x_wconf 77' lang='lat' dir='ltr'><strong>Ante</strong></span> <span class='ocrx_word' id='word_1_261' title='bbox 1369 4101 1429 4169; x_wconf 74' lang='lat' dir='ltr'><strong>dip-</strong></span> 
     </span>
     <span class='ocr_line' id='line_1_33' title="bbox 329 4194 1426 4267; baseline -0.006 -18"><span class='ocrx_word' id='word_1_262' title='bbox 329 4195 370 4262; x_wconf 88' lang='lat' dir='ltr'><strong>li)</strong></span> <span class='ocrx_word' id='word_1_263' title='bbox 390 4194 441 4250; x_wconf 76' lang='lat' dir='ltr'><strong>cra.</strong></span> <span class='ocrx_word' id='word_1_264' title='bbox 460 4214 536 4266; x_wconf 91' lang='lat' dir='ltr'><strong>supra</strong></span> <span class='ocrx_word' id='word_1_265' title='bbox 550 4198 581 4250; x_wconf 88' lang='lat' dir='ltr'><strong>ad</strong></span> <span class='ocrx_word' id='word_1_266' title='bbox 593 4197 687 4267; x_wconf 85' lang='lat' dir='ltr'><strong>Ephes.</strong></span> <span class='ocrx_word' id='word_1_267' title='bbox 702 4213 724 4248; x_wconf 92' lang='lat' dir='ltr'><strong>c.</strong></span> <span class='ocrx_word' id='word_1_268' title='bbox 736 4197 759 4248; x_wconf 89' lang='grc'><strong>6.</strong></span> <span class='ocrx_word' id='word_1_269' title='bbox 775 4205 801 4248; x_wconf 88' lang='lat' dir='ltr'><strong>et</strong></span> <span class='ocrx_word' id='word_1_270' title='bbox 813 4197 851 4248; x_wconf 83' lang='lat'><strong>15.</strong></span> <span class='ocrx_word' id='word_1_271' title='bbox 881 4199 949 4251; x_wconf 76' lang='grc' dir='ltr'><strong><em>θείας</em></strong></span> <span class='ocrx_word' id='word_1_272' title='bbox 966 4197 991 4247; x_wconf 90' lang='lat' dir='ltr'><strong>in</strong></span> <span class='ocrx_word' id='word_1_273' title='bbox 1004 4195 1049 4246; x_wconf 91' lang='lat' dir='ltr'><strong>bis.</strong></span> <span class='ocrx_word' id='word_1_274' title='bbox 1068 4196 1141 4248; x_wconf 88' lang='lat' dir='ltr'><strong>deest</strong></span> <span class='ocrx_word' id='word_1_275' title='bbox 1158 4197 1206 4256; x_wconf 81' lang='grc' dir='ltr'>καὶ,</span> <span class='ocrx_word' id='word_1_276' title='bbox 1225 4194 1292 4263; x_wconf 85' lang='lat' dir='ltr'><strong>quod</strong></span> <span class='ocrx_word' id='word_1_277' title='bbox 1308 4195 1426 4245; x_wconf 88' lang='lat' dir='ltr'><strong>inseren-</strong></span> 
     </span>
     <span class='ocr_line' id='line_1_34' title="bbox 329 4279 1427 4353; baseline -0.006 -19"><span class='ocrx_word' id='word_1_278' title='bbox 329 4287 352 4336; x_wconf 89' lang='lat' dir='ltr'><strong>io</strong></span> <span class='ocrx_word' id='word_1_279' title='bbox 370 4285 436 4335; x_wconf 88' lang='lat' dir='ltr'><strong>iilius</strong></span> <span class='ocrx_word' id='word_1_280' title='bbox 455 4286 569 4353; x_wconf 88' lang='lat' dir='ltr'><strong>episcopi</strong></span> <span class='ocrx_word' id='word_1_281' title='bbox 595 4282 854 4349; x_wconf 81' lang='lat' dir='ltr'><strong>modestiamiaudat</strong></span> <span class='ocrx_word' id='word_1_282' title='bbox 881 4283 940 4333; x_wconf 91' lang='lat' dir='ltr'><strong>dum</strong></span> <span class='ocrx_word' id='word_1_283' title='bbox 965 4289 1003 4340; x_wconf 80' lang='lat' dir='ltr'><strong>est</strong></span> <span class='ocrx_word' id='word_1_284' title='bbox 1027 4298 1059 4332; x_wconf 87' lang='lat' dir='ltr'><strong>ex</strong></span> <span class='ocrx_word' id='word_1_285' title='bbox 1082 4283 1165 4335; x_wconf 88' lang='lat' dir='ltr'><strong>veteri</strong></span> <span class='ocrx_word' id='word_1_286' title='bbox 1184 4280 1326 4348; x_wconf 88' lang='lat' dir='ltr'><strong>interprete</strong></span> <span class='ocrx_word' id='word_1_287' title='bbox 1349 4279 1427 4330; x_wconf 88' lang='lat' dir='ltr'><strong>latino</strong></span> 
     </span>
     <span class='ocr_line' id='line_1_35' title="bbox 329 4361 1271 4440; baseline 0.001 -22"><span class='ocrx_word' id='word_1_288' title='bbox 329 4371 481 4431; x_wconf 65' lang='lat' dir='ltr'><strong>aadmiratur</strong></span> <span class='ocrx_word' id='word_1_289' title='bbox 493 4368 517 4423; x_wconf 80' lang='lat' dir='ltr'><strong>S.</strong></span> <span class='ocrx_word' id='word_1_290' title='bbox 531 4361 651 4439; x_wconf 72' lang='lat' dir='ltr'><strong>ignatius,</strong></span> <span class='ocrx_word' id='word_1_291' title='bbox 671 4372 713 4440; x_wconf 87' lang='lat' dir='ltr'><strong>qui</strong></span> <span class='ocrx_word' id='word_1_292' title='bbox 726 4385 754 4424; x_wconf 87' lang='lat' dir='ltr'><strong>se</strong></span> <span class='ocrx_word' id='word_1_293' title='bbox 767 4368 852 4421; x_wconf 88' lang='lat' dir='ltr'><strong>mitem</strong></span> <span class='ocrx_word' id='word_1_294' title='bbox 881 4377 906 4420; x_wconf 84' lang='lat' dir='ltr'><strong>et</strong></span> <span class='ocrx_word' id='word_1_295' title='bbox 925 4384 958 4420; x_wconf 82' lang='lat' dir='ltr'><strong>ex</strong></span> <span class='ocrx_word' id='word_1_296' title='bbox 974 4369 1093 4421; x_wconf 87' lang='lat' dir='ltr'><strong>versione</strong></span> <span class='ocrx_word' id='word_1_297' title='bbox 1112 4367 1271 4421; x_wconf 80' lang='lat' dir='ltr'><strong>Armeniaca.</strong></span> 
     </span>
    </p>
   </div>
   <div class='ocr_carea' id='block_1_9' title="bbox 1148 4452 1220 4522">
    <p class='ocr_par' dir='ltr' id='par_1_10' title="bbox 1148 4452 1220 4522">
     <span class='ocr_line' id='line_1_36' title="bbox 1148 4452 1220 4522; baseline -0.014 0"><span class='ocrx_word' id='word_1_298' title='bbox 1148 4452 1220 4522; x_wconf 74' lang='lat'>1⁴4¹·</span> 
     </span>
    </p>
   </div>
   <div class='ocr_carea' id='block_1_10' title="bbox 0 0 1834 5209">
    <p class='ocr_par' dir='ltr' id='par_1_11' title="bbox 0 0 1834 5209">
     <span class='ocr_line' id='line_1_37' title="bbox 0 0 1834 5209; baseline 0 2"><span class='ocrx_word' id='word_1_299' title='bbox 0 0 1834 5209; x_wconf 95' lang='lat' dir='ltr'><strong> </strong></span> 
     </span>
    </p>
   </div>
  </div>
 </body>
</html>
