3659 5209
429 520 495 584 410
639 513 777 568 mndata
795 512 930 569 PASTOR.
964 513 1061 567 LIBER
1078 513 1120 568 111
1156 512 1284 567 stultit.
1301 513 1349 568 11.
1393 536 1398 545 ’

385 740 392 750 ,
423 679 538 742 ‘bantur
566 693 605 739 ex
633 676 701 755 illo,
732 681 813 738 tanto
846 675 988 737 laetiores
1018 675 1371 738 herbae-crescebaut..
1403 656 1416 713 ¹*
1429 674 1547 739 Octavus

420 798 515 849 ,mons
532 776 662 847 sontibus
679 785 742 843 erat
756 780 898 861 repletus,
922 787 952 842 et
967 799 1008 843 ex
1023 781 1079 851 iliis
1095 779 1228 869 sontibus
1244 779 1457 862 adaquabatur
1473 800 1548 844 omne

305 4488 421 4626 Q

430 903 535 968 genus
550 891 705 947 creaturae
720 883 786 946 Dei.
803 914 806 918 ·
830 879 962 946 2Νοιιυε
973 902 1070 961 ωοηε
1093 885 1202 946 nuttam
1225 886 1354 948 omnino
1379 905 1488 968 aquam
1501 887 1549 950 ha-

430 991 527 1068 hebat,
551 996 581 1051 ct
603 994 681 1051 totus
705 987 861 1051 destitutus
884 993 965 1065 erat;
985 986 1042 1049 sed
1066 992 1095 1048 ct
1117 986 1292 1050 mortiferos
1316 995 1479 1071 serpentes
1494 990 1550 1052 alc·

429 1095 487 1173 hat,
511 1100 541 1156 et
564 1093 730 1155 horninibus
746 1092 944 1173 perniciosos.
978 1087 997 1128 ‘³
1007 1091 1146 1162 Decimus
1162 1109 1248 1154 mous
1264 1111 1423 1173 proceras,
1436 1094 1550 1157 arbores

430 1199 608 1276 continebat,
631 1203 772 1276 totusque
795 1202 858 1258 erat
880 1196 1039 1284 umbrosus
1046 1215 1056 1270 ;
1080 1202 1109 1257 et
1125 1196 1180 1258 suh
1197 1197 1301 1265 umbra
1315 1196 1458 1277 pecudes
1473 1199 1550 1279 jacc-

429 1304 500 1367 hant
514 1302 742 1382 requiescentes
756 1319 796 1363 ac
809 1301 1003 1365 ruminantes.
1036 1297 1234 1373 *Undecimus
1259 1318 1350 1365 mons
1375 1301 1550 1364 densissimis

429 1409 585 1476 arboribus
602 1407 735 1486 repletus
752 1410 830 1482 erat;
855 1410 885 1466 et
899 1406 1024 1468 arbores
1040 1405 1108 1468 illae
1124 1405 1187 1467 aliis
1203 1412 1296 1486 atque
1323 1406 1392 1469 aliis
1414 1414 1550 1470 oneratae

428 1511 605 1575 videbantur
618 1510 772 1588 fructibus,
783 1516 825 1587 ut,
838 1509 969 1589 quisquis
976 1509 1104 1588 uideret,
1117 1516 1241 1590 cuperet
1254 1509 1351 1572 edere
1363 1509 1404 1573 de
1416 1508 1550 1573 fructibus

430 1634 541 1678 earurn.
578 1613 801 1676 ⁵Du0deoimus
817 1630 902 1678 mons
919 1612 1064 1674 candidus
1081 1619 1143 1676 erat
1159 1618 1249 1692 totus,
1273 1621 1306 1676 et
1330 1620 1490 1695 aspectum
1503 1615 1550 1676 ha·

429 1722 518 1792 behat
533 1717 831 1796 delectabilissimum,
855 1723 884 1779 et
897 1718 963 1798 ipse
979 1718 1035 1779 sihi
1050 1735 1195 1779 summum
1210 1719 1387 1798 praestabat
1410 1720 1552 1784 decorem,

514 1821 546 1883 11.
591 1820 623 1882 ln
646 1820 743 1883 medio
766 1839 840 1884 veru
863 1839 968 1902 campo
991 1821 1144 1888 candidam
1167 1827 1198 1883 et
1223 1823 1381 1904 ingentem
1415 1821 1552 1907 ‘petrau

428 1927 499 1990 ruihi
522 1925 660 2004 ostendit,
684 1943 761 2007 quae
782 1925 819 1989 de
836 1927 902 2007 ipso
920 1944 1023 2008 carnpu
1039 1931 1231 2021 surrexerat3
1255 1932 1285 1988 et
1301 1934 1391 2008 petra
1408 1930 1460 1994 illa
1474 1931 1553 1993 altior

428 2030 577 2093 montibus
600 2031 656 2092 illis
680 2036 752 2109 erat,
776 2037 805 2092 et
828 2030 969 2111 quadrata
993 2037 1066 2110 erat,
1086 2032 1127 2092 ita
1149 2037 1181 2092 ut
1203 2037 1309 2112 posset
1332 2039 1433 2096 totum
1457 2036 1551 2098 orben

427 2136 594 2198 sustinere·
634 2129 753 2198 ⁷Vetus
785 2141 883 2197 autem
916 2135 986 2197 mihi
1019 2134 1175 2207 videbatur
1209 2153 1298 2222 esse,
1337 2138 1397 2200 sed
1435 2139 1553 2201 habehat

428 2233 561 2301 8novarn
581 2244 708 2320 portam,
731 2256 808 2319 quae
829 2256 926 2319 nuper
947 2238 1104 2303 videbatur
1126 2241 1290 2322 exsculpta.
1335 2242 1376 2304 Et
1400 2251 1490 2324 porta
1512 2244 1554 2306 ilia

428 2339 612 2406 ⁹ciariorena
632 2343 822 2426 splendorem
847 2362 934 2424 wana
957 2347 1003 2408 sol
1026 2346 1177 2430 habehat;·
1192 2346 1232 2407 ita
1252 2352 1285 2407 ut
1306 2345 1442 2423 upirarer
1462 2348 1554 2411 vehe-

428 2451 553 2512 menter
563 2449 662 2511 lurneu
683 2450 756 2530 ejus
797 2447 979 2531 Circavero
1004 2457 1115 2531 portam
1139 2449 1216 2511 iham
1239 2449 1372 2512 stabant·
1388 2447 1415 2488 ¹⁰
1425 2453 1554 2536 virgines

428 2553 602 2630 duodecim3
632 2571 670 2614 ex
693 2552 800 2633 quihus
825 2560 969 2634 quatuor,
990 2572 1070 2636 'quae
1093 2553 1422 2635 obtinebantangulos
1445 2563 1554 2637 portae,

429 2657 583 2739 digniores
606 2656 675 2719 mihi
697 2656 873 2720 videbantur
896 2675 983 2736 esse,
1007 2660 1069 2721 sed
1098 2666 1128 2720 et
1154 2664 1301 2727 caeterae,
1315 2657 1433 2741 dignae
1458 2667 1555 2735 erant;

429 2763 545 2835 stabant
567 2761 716 2842 auteur-in
739 2765 865 2842 quatuor
886 2763 1017 2842 partibus
1040 2771 1154 2844 portae.
1193 2762 1264 2824 Erat
1286 2769 1392 2825 autern
1417 2771 1450 2826 et
1473 2762 1555 2827 idad

433 2863 592 2948 ¹¹gratiana
615 2867 729 2928 illarum
752 2867 925 2948 virgiuum,
949 2866 1028 2947 quod
1050 2867 1119 2929 illac
1142 2866 1228 2928 binae
1257 2872 1288 2928 et
1313 2866 1555 2931 binaevestitae

429 2977 514 3034 eraut
543 2971 641 3033 linteis
670 2954 809 3049 tunicis,
829 2971 1031 3034 et‘dccentcr
1061 2971 1247 3049 succinctae,
1280 2973 1402 3043 exertis
1434 2974 1553 3037 brachiis

430 3074 554 3153 dextris,
578 3084 724 3156 tamquam
747 3074 857 3136 fascem
880 3075 1007 3156 aliquem
1030 3075 1200 3139 lavaturae·-
1234 3074 1399 3149 Sicerant
1423 3084 1553 3159 paratae,·

428 3179 623 3243 uehementer
653 3179 730 3261 enim
760 3179 867 3242 hilares
897 3187 1001 3259 erant,
1030 3188 1120 3262 atque
1147 3186 1312 3261 promptae,
1359 3179 1448 3244 Haec
1473 3198 1551 3262 quun

429 3284 588 3363 vidissem,
612 3301 728 3346 mecum
750 3284 815 3364 ipse
837 3279 975 3366 mirabar,
998 3276 1078 3367 quod
1101 3291 1160 3380 tana
1182 3267 1308 3366 magnas
1329 3291 1360 3347 et
1387 3287 1551 3367 praeclaras

456 3473 492 3543 i)
511 3470 577 3537 Vide
595 3469 659 3521 inira
680 3486 702 3521 c.
721 3451 786 3522 2ss
1004 3477 1030 3526 iu
1048 3462 1190 3525 novissimis
1208 3470 1299 3527 diebus
1324 3487 1467 3541 apparens.
1496 3470 1550 3522 Vide

465 3558 493 3621 2)
513 3555 578 3613 vida
596 3555 661 3608 inira
680 3573 701 3608 c.
721 3556 763 3608 26.
1004 3562 1070 3614 iufra
1087 3577 1109 3612 c.
1130 3559 1170 3614 12.

464 3644 492 3708 3)
511 3637 573 3694 Vide
592 3638 656 3694 inira
672 3636 697 3695 o.
718 3643 761 3695 27.
1038 3639 1073 3713 9)
1085 3647 1133 3700 Hic
1150 3643 1267 3698 diviuitas
1284 3641 1383 3698 Christi
1404 3648 1494 3700 doceri
1515 3646 1549 3698 ri·

430 3731 440 3780 ,’
464 3730 495 3797 t]
513 3729 582 3779 Vide¹
598 3728 662 3779 inira
681 3746 703 3780 c.
722 3729 764 3780 28.
1005 3735 1086 3787 detur.
1363 3740 1365 3745 '

440 3812 448 3823 ”
464 3818 493 3879 5)
511 3815 577 3867 Vide
596 3814 659 3889 inira
679 3831 701 3868 c.
721 3816 763 3867 29.
901 3808 904 3813 ¹
969 3841 971 3844 >
1022 3821 1069 3888 10)
1087 3821 1201 3889 Virgines
1218 3819 1267 3871 hae
1286 3818 1356 3871 dona
1376 3829 1438 3873 suut
1453 3820 1551 3891 Spiritus

464 3902 495 3970 6)
513 3902 587 3955 Petra
609 3902 674 3955 hacc
692 3901 804 3956 Christus
828 3911 887 3956 est..
911 3897 977 3957 Vide
1004 3909 1104 3972 sancti,
1117 3923 1162 3959 scu
1180 3909 1286 3965 virtutes
1300 3906 1468 3959 christianae.
1495 3905 1551 3958 Vide

429 3990 495 4043 inira
513 4007 535 4041 c.
554 3990 597 4043 12.
673 3989 679 3997 ’
805 4024 811 4036 1
954 4048 956 4053 ,
1004 3993 1068 4044 inira
1087 4010 1108 4045 c.
1123 3993 1154 4045 13
1168 3993 1239 4044 ecta
1259 4000 1287 4060 et
1303 3993 1358 4046 vir.
1373 3993 1418 4060 111,
1436 3996 1461 4046 8.
1490 3992 1548 4044 Lau·

465 4065 494 4138 7)
512 4072 586 4147 Petra
604 4083 679 4130 vetos
701 4076 804 4143 dicitur,
824 4080 881 4146 quic
895 4074 977 4131 'Filius
1005 4060 1066 4130 dant
1084 4080 1151 4131 hunc
1168 4078 1252 4129 locum
1270 4081 1420 4150 Oripencc,
1440 4081 1506 4134 hona
1523 4078 1551 4132 13

428 4159 479 4217 Dei
491 4150 558 4212 omui
571 4169 685 4240 creatura
700 4160 826 4232 antiquior
839 4174 884 4218 est.
911 4166 977 4218 vida
1005 4168 1030 4217 in
1048 4165 1158 4230 Erech,
1182 4173 1208 4215 ct
1225 4161 1325 4216 Auctor
1343 4172 1440 4238 operia
1458 4172 1550 4238 inpar·

430 4247 495 4298 iufra
514 4264 535 4302 c.
556 4246 597 4301 12.
875 4285 877 4289 -
1003 4256 1067 4322 sacti
1085 4253 1110 4303 iu
1129 4251 1215 4302 hiatth.
1235 4251 1278 4315 ts,
1297 4252 1342 4303 28.

464 4333 493 4398 8)
516 4333 590 4388 Porta
614 4335 680 4388 haec
705 4355 774 4392 aava
792 4336 903 4390 Christus
928 4347 977 4405 est,
1022 4337 1352 4402 antarcticum
