3659 5209
340 531 405 599 380
492 522 630 579 uunuau
647 522 783 577 nasson.
820 521 916 575 uranu
934 522 976 577 ru.
1013 520 1137 576 sruurr.
1159 520 1190 577 u.
1209 521 1255 577 ru.
1274 521 1317 575 rr.

342 696 371 752 et
395 694 486 766 curat,
510 704 548 748 ne
572 682 641 765 quid
666 683 693 745 ei
717 682 801 745 desit.
845 683 961 762 Pauper
980 682 1045 744 Deo
1069 681 1183 764 gratias
1207 683 1274 764 agit
1296 701 1352 764 pro
1373 683 1459 764 diuite,

341 797 410 876 qrrio
435 811 510 874 opus
534 791 645 853 iaciunt
667 809 683 852 a
706 789 842 852 Domino.
887 786 974 868 Apud
1003 787 1139 850 hominos
1173 805 1255 870 ergo
1286 788 1384 851 ulmus
1409 807 1461 852 nou

341 905 461 982 putatur
483 897 554 958 dare
578 894 721 974 lructum,
755 901 785 955 et
808 892 961 970 nesciunt,
988 910 1087 972 neque
1108 892 1303 974 intelligunt,
1327 893 1423 974 quod,
1443 896 1463 956 si

341 1005 469 1068 societas
493 1000 648 1064 advenerit
670 999 736 1078 vill,
761 1006 789 1060 et
813 999 879 1060 vitis
903 996 1023 1078 duplum
1046 996 1096 1057 dat
1118 995 1273 1076 fructum,
1308 1004 1340 1059 et
1363 1015 1416 1078 pro
1437 1015 1463 1060 se

341 1116 373 1171 et
395 1125 450 1189 pro
474 1106 563 1168 ulmo.
608 1105 657 1168 Sic
680 1109 880 1183 etnpanperes
902 1119 958 1184 pro
980 1101 1180 1181 locupletibus
1205 1107 1337 1164 orantes
1355 1101 1391 1164 ad
1409 1102 1464 1164 llo

341 1215 449 1276 minum
473 1208 682 1286 exaudiuntur,
707 1215 736 1271 et
756 1213 904 1290 augentur
925 1224 999 1287 opes
1019 1224 1132 1284 eorum,
1155 1208 1305 1286 quoniam
1326 1213 1465 1293 praestant

341 1317 521 1400 pauperibus
544 1333 584 1376 ex
606 1314 712 1396 opibus
735 1313 805 1375 suis.
844 1311 919 1377 Sunt
933 1312 1023 1392 igitur
1038 1310 1124 1372 ambo
1144 1318 1314 1374 consortes
1329 1313 1465 1376 bonoruu

341 1440 463 1504 operum
488 1438 618 1482 suorum.
666 1418 849 1497 Quicumque
873 1417 964 1499 igitur
986 1415 1060 1478 haec
1081 1413 1200 1494 lecerit,
1225 1424 1292 1479 non
1318 1417 1465 1479 deseretur

340 1527 526 1604 aDomino,
557 1544 592 1587 oo
615 1523 671 1585 erit
693 1522 819 1601 scriptus
843 1523 872 1583 in
894 1522 973 1585 libro
996 1523 1083 1583 vitae.
1128 1521 1252 1585 Felices
1287 1522 1399 1606 igitur,
1426 1523 1465 1603 qui
1509 1577 1511 1579 ,

340 1631 511 1714 possident,
542 1637 572 1691 et
600 1631 728 1690 sentiunt
758 1645 794 1688 se
822 1626 997 1708 locupletari
1004 1645 1015 1702 3
1048 1625 1099 1705 qui
1129 1624 1190 1688 boo
1223 1629 1307 1689 enlm
1336 1628 1465 1707 senserit,

341 1737 451 1817 poterit
472 1731 582 1812 aliquid
606 1730 840 1793 administr·are.“
917 1736 919 1741 '

773 1936 948 2018 Similitudo
975 1936 1029 2018 ΙΙΙ.
1201 2054 1203 2058 .

344 2115 383 2178 Ut
404 2116 507 2197 lupone
529 2115 647 2178 virides
669 2100 863 2179 arbores-,ab
887 2113 1007 2195 aridis,
1039 2113 1087 2174 sio
1117 2114 1151 2174 in
1179 2114 1244 2176 boo
1267 2116 1381 2177 seculo
1397 2114 1467 2195 joab

582 2219 621 2282 ab
646 2220 774 2299 injustis
797 2214 969 2281 internosci
992 2238 1056 2282 noo
1078 2226 1226 2297 'possunt

430 2360 568 2424 Ostendit
590 2360 659 2421 mibi
682 2360 806 2422 arbores
830 2356 935 2421 mirltas
952 2356 1074 2439 abjectis
1090 2356 1178 2436 loliis,
1201 2378 1284 2439 quae
1304 2361 1379 2424 milri
1396 2362 1468 2424 velut

343 2466 444 2530 aridae
474 2464 666 2540 videbantur3
697 2481 802 2526 omnes
833 2464 910 2525 enim
941 2463 1053 2526 similes
1084 2470 1176 2526 erunt.
1222 2464 1265 2526 Et·
1286 2466 1369 2531 dixit
1391 2469 1468 2530 mibi:

344 2571 448 2651 ,vides
472 2571 595 2632 arbores
618 2568 715 2630 bas‘l“
763 2567 907 2647 „·Video‚“
934 2569 1062 2648 inquam,
1090 2567 1241 2648 ,domine,
1268 2570 1389 2635 similes
1411 2574 1469 2634 ari·

342 2675 416 2737 dis.“
456 2674 654 2756 Respondens
678 2673 750 2735 dixit
771 2673 856 2734 mibi:
882 2673 958 2752 ,bae
975 2674 1099 2736 arbores
1115 2675 1144 2736 in
1161 2674 1393 2740 similitudinem
1409 2685 1471 2742 suut

341 2768 501 2859 hominurn,
518 2764 613 2861 qui'iu
629 2777 731 2842 seculo
749 2779 928 2841 morantur.“
963 2776 1126 2860 Respondi,
1142 2779 1305 2858 inquiens:
1326 2782 1470 2860 „domiue

342 2901 395 2947 cur
418 2885 498 2946 velut
520 2883 611 2962 aridis
634 2884 744 2945 similes
768 2883 881 2951 suu?“
919 2883 1125 2962 ·„Quoniam,“
1153 2884 1259 2964 iuquit,
1290 2906 1375 2966 „nec
1396 2889 1470 2971 justi,

342 3007 398 3051 neo
420 2990 520 3073 injusti
544 2994 776 3070 cognoscuntur,
799 2987 852 3050 sed
877 2987 994 3053 similes
1010 2994 1081 3049 sunt
1105 2988 1134 3050 in
1161 2987 1219 3050 hoo
1244 2992 1367 3054 seculo.
1412 2993 1470 3055 lloc

342 3095 419 3156 enim
441 3094 574 3165 seculum
593 3094 681 3174 justis
705 3093 812 3174 hyems·
829 3098 883 3171 est,
908 3093 1039 3172 quinon
1062 3098 1280 3174 agnoscuntur,
1307 3114 1379 3159 cum
1402 3116 1470 3181 peo-

342 3200 490 3261 oatoribus
521 3198 693 3261 habitantes.
739 3197 820 3261 Siout
851 3198 881 3260 in
909 3194 1017 3279 hyeme
1048 3213 1151 3259 omnes
1184 3199 1318 3263 arbores
1353 3204 1469 3287 abjectis

342 3303 420 3366 loliis
445 3301 534 3364 aridis
557 3302 667 3364 similes
690 3308 769 3380 sunt,
790 3306 848 3364 nec
871 3308 971 3383 potest
994 3302 1148 3384 cognosci,
1174 3289 1254 3383 quae
1271 3314 1348 3369 sunt
1358 3309 1468 3387 aridae,

342 3415 392 3470 aut
421 3424 497 3487 quae
527 3406 655 3482 virides;
686 3409 729 3470 sio
760 3407 847 3470 et'in
876 3407 946 3470 boc.
965 3386 1068 3471 seculo
1099 3412 1157 3468 neo
1181 3408 1259 3488 justi
1289 3429 1353 3475 nec
1376 3414 1467 3496 injusti

343 3508 578 3594 cognoscuntur,
602 3511 656 3574 sed
680 3512 792 3587 similes
816 3519 884 3574 sunt
911 3511 1067 3583 omnes‘f¹
1102 3536 1110 3551 ²

776 3716 950 3825 Similitudo
977 3717 1027 3799 ll.

345 3890 383 3952 Ut
405 3899 523 3963 aestate
545 3891 671 3954 vividae
694 3893 826 3958 arborco
842 3858 885 3954 ab·
897 3894 1123 3973 oridia-fructu
1139 3880 1169 3956 et
1182 3852 1370 3966 dicentibus
1383 3903 1466 3993 soliis

341 3996 672 4091 internoscantur,.sio
686 3999 720 4059 in
733 3995 843 4076 sutoro
858 4000 964 4062 seculo
973 4002 1056 4079 justi
1073 4000 1111 4062 ad
1129 4001 1466 4079 injustisbeatitudiac

823 4102 981 4185 differunt.
1015 4104 1017 4109 ’

350 4224 381 4285 ἦ
430 4239 565 4305 Ostendit
587 4242 657 4304 mibi
680 4243 785 4305 iterum
808 4243 933 4308 arbores
956 4230 1215 4326 multas-quarum
1242 4249 1323 4314 aliae
1349 4254 1465 4318 frondes

342 4343 526 4427 emittebant,
561 4348 635 4412 oliae
667 4347 768 4415 aridae
800 4354 892 4412 erant.
938 4349 975 4413 Et
1004 4350 1075 4413 dixit
1105 4346 1191 4412 milri:
1228 4355 1387 4432 „videsne
1416 4359 1464 4421 lus

231 4522 380 4631 ἱ,
