3659 5209
345 507 413 573 454

378 660 445 713 libus
462 676 526 713 vero
545 670 584 714 est
601 662 773 715 satus'etvita
788 668 891 713 aeterna

381 749 440 811 166,
488 747 536 811 Qut
575 764 625 800 uon
655 749 788 800 confessus
818 747 892 800 fuerit

380 836 524 900 martyrium
534 838 625 900 crucis,
633 851 664 887 ex
674 836 775 888 diabolo
784 844 823 888 est
831 837 891 886 264.

345 921 452 974 Cultu
479 921 583 990 publico
613 922 797 975 labefactantur
827 925 893 974 vires

380 1008 489 1060 Satanae
508 1010 567 1061 164.
590 1008 676 1062 Cultus
687 1009 805 1077 publicus
819 1025 892 1060 com-

381 1096 513 1146 mendatur
524 1095 567 1147 98.
582 1096 640 1148 156.
655 1096 713 1149 178.
726 1096 786 1147 239.
812 1095 893 1149 Nemo

379 1200 407 1234 se
433 1192 535 1251 separet
560 1184 584 1233 7.
621 1182 671 1245 Qui
697 1187 893 1236 inconventum

381 1287 430 1322 nou
450 1271 528 1334 venit,
548 1271 665 1337 superbia
683 1270 763 1323 elatus
779 1272 892 1324 eat156.

346 1355 520 1425 Cupiditas
546 1358 610 1408 mata
641 1357 768 1410 horrenda
799 1367 838 1410 ast
869 1366 894 1408 et

381 1443 484 1496 difficile
512 1446 641 1514 mitigatur
670 1445 738 1508 3723
769 1445 895 1494 consumit

359 1529 568 1591 ,1111111111ὸί6
594 1531 722 1599 Cupiditas
741 1533 831 1595 carnis,
851 1530 893 1581 di-

381 1619 506 1683 vitiarum,
526 1618 682 1683 deliciarum,
703 1617 816 1669 ciborum
832 1621 893 1672 ibid.

381 1702 532 1771 Principium
565 1706 674 1755 omnium
706 1705 828 1757 malorum
856 1712 894 1755 est

381 1789 490 1842 habendi
513 1791 638 1856 cupiditas
662 1791 722 1844 260.
765 1790 894 1858 Cupiditas

382 1895 396 1929 a
416 1876 518 1928 diabolo
536 1886 575 1929 est
593 1878 652 1935 372.
690 1877 738 1942 Qui
764 1878 896 1946 cupiditati

381 1966 485 2028 resistit,
508 1973 616 2016 armatus
635 1966 726 2016 timore
745 1965 803 2030 Dei,
826 1965 894 2016 obti-

381 2053 455 2110 nebit
487 2053 617 2103 victoriam
657 2053 716 2104 373.
765 2050 895 2118 Cupiditas

382 2139 447 2190 bona
473 2139 532 2192 373.
569 2137 725 2206 Cupiditates
750 2137 825 2203 hujus
849 2154 894 2189 se·

383 2225 432 2277 cuii
451 2225 510 2279 408.

561 2432 564 2437 ,
597 2388 644 2438 11.

349 2491 488 2542 Daemon
515 2489 661 2541 timentibus
685 2486 818 2545 Dominum
844 2499 894 2535 non

383 2585 422 2628 est
440 2577 602 2633 metuendus!
614 2575 672 2626 359.
700 2573 766 2631 377.
797 2571 861 2622 Vitia
880 2587 894 2621 a

382 2662 496 2717 Patribus
514 2678 592 2730 saepe
611 2651 736 2714 vocantur
759 2661 896 2713 doemonia

382 2757 408 2801 et
429 2752 554 2803 mulieres
579 2750 639 2801 347.
664 2746 722 2798 420.
747 2746 808 2798 417.
832 2745 893 2795 423.

381 2835 441 2888 428.
460 2835 520 2901 432,
539 2838 603 2888 sicut
621 2838 727 2887 virtutes
743 2833 893 2885 christianae

382 2927 498 2992 spiritua
528 2932 554 2975 et
582 2925 703 2992 etrpiacs
730 2919 895 2987 appellantur

382 3010 434 3061 410
454 3027 491 3078 aq.
511 3010 570 3062 420.
592 3007 652 3058 423.

347 3096 421 3150 Dam
430 3114 478 3161 as,
491 3097 629 3164 episcopus
639 3093 824 3161 Magnesiorum
835 3094 892 3145 172.

346 3183 524 3237 Danaides
544 3190 569 3232 et
584 3179 676 3232 Diceae
695 3181 736 3232 62.

636 502 741 555 INDEX
759 500 875 555 RERUM
891 502 934 554 ΕΤ
952 500 1187 559 PERSONARUD.

954 661 996 715 illa
1029 673 1149 716 evertere
1182 664 1226 715 90.
1281 663 1332 718 cfr.
1362 668 1459 720 C'reatic.

955 750 1025 801 Dens
1038 751 1169 802 hominum
1182 768 1262 804 causa
1275 752 1363 804 orbem
1378 756 1460 804 crearit

955 838 1014 889 314.
1027 837 1087 890 374.
1115 837 1187 891 Deus
1206 846 1323 891 sanctam
1341 840 1461 892 ecclesian

955 925 1069 977 condidit
1087 925 1147 976 325.
1184 925 1247 993 lpse
1272 943 1352 994 capax
1372 929 1461 979 nniver-

955 1026 1056 1076 sorum,
1083 1011 1154 1063 solus
1178 1015 1334 1077 immensus,
1361 1014 1403 1080 qui
1425 1030 1462 1065 uec

955 1098 1036 1151 verbo
1057 1098 1171 1166 definiri,
1199 1117 1252 1152 nec
1271 1109 1358 1152 mente
1377 1103 1462 1167 concipi

956 1192 1041 1252 potest
1058 1185 1118 1237 346.
1157 1187 1215 1239 Deo
1240 1188 1300 1239 nihii
1320 1188 1462 1255 impossibiie

955 1279 1134 1341 praeterquam
1145 1274 1303 1327 1111111190.
1317 1275 1462 1326 Deustideiir
1502 1284 1507 1333 Ι

957 1367 997 1411 est
1014 1361 1040 1410 iu
1058 1362 1272 1427 promissionibus
1299 1371 1326 1415 et
1347 1363 1462 1427 justmin

953 1446 1056 1512 judiciis
1084 1451 1146 1502 ibid·
1182 1448 1271 1500 Verax
1296 1459 1338 1501 cst
1360 1451 1385 1502 iu
1408 1451 1462 1500 omni

956 1535 1037 1586 verbo
1055 1533 1127 1594 311131-
1152 1530 1202 1584 Dei
1224 1534 1331 1600 judiciis
1356 1552 1462 1588 nemore

957 1619 1201 1687 subducc.e·potast
1227 1622 1271 1672 92.
1309 1621 1377 1674 Nihil
1395 1623 1461 1674 Deun

956 1708 1019 1760 latet
1036 1708 1079 1759 90.
1099 1709 1140 1765 tat.
1161 1707 1222 1761 164.
1243 1709 1306 1761 260,
1332 1711 1391 1761 262.
1423 1709 1462 1760 Dei

958 1795 1034 1859 dona,
1053 1809 1126 1862 quam
1146 1793 1222 1845 beata
1241 1803 1269 1845 et
1281 1796 1403 1847 mirabilia
1417 1795 1463 1846 100.

958 1881 1027 1933 Deus
1057 1881 1174 1932 domiuus
1204 1880 1307 1949 gloriae
1342 1892 1368 1934 et
1396 1884 1465 1932 omnis

956 1969 1055 2036 gratiae
1072 1968 1115 2020 50.
1148 1967 1218 2020 Deus
1232 1985 1280 2035 per
1297 1969 1375 2021 fldem
1389 1983 1464 2020 ornnes

953 2054 1075 2119 justificat
1088 2053 1137 2118 96;
1152 2053 1224 2107 Deus
1238 2056 1282 2106 dat
1294 2057 1464 2123 poeniteutiam

957 2142 999 2194 64.
1031 2141 1197 2209 Cupieutibus
1216 2141 1286 2194 bene
1309 2158 1387 2210 agere
1406 2141 1464 2192 Deus

957 2231 989 2283 ad
1020 2229 1190 2298 largiendum,
1207 2237 1317 2296 paratus
1349 2237 1387 2280 est
1414 2228 1464 2278 230.

956 2317 1003 2368 Dei
1021 2317 1144 2370 mandata
1157 2331 1209 2368 non
1228 2324 1290 2367 sunt
1312 2314 1466 2383 impossibiie

957 2405 1022 2469 374;
1049 2413 1077 2455 ut
1095 2404 1283 2467 observentur,
1306 2402 1390 2470 angeli
1407 2404 1467 2454 vires

956 2499 1086 2559 praestant
1099 2491 1159 2542 391.
1186 2489 1354 2556 Quicumque
1366 2492 1390 2539 in
1400 2504 1467 2539 nau·

957 2578 1022 2630 datis
1035 2578 1083 2629 Dei
1101 2575 1283 2639 ambulaverit,
1304 2574 1368 2627 felix
1384 2578 1429 2626 erit
1445 2582 1467 2625 et

956 2667 1026 2716 vivet
1043 2664 1099 2716 Deo
1118 2664 1179 2715 384.
1201 2661 1253 2714 390
1271 2679 1314 2730 sq.
1354 2661 1467 2714 Omnibus

956 2751 1147 2818 poenitentibus
1168 2749 1276 2800 remittit
1295 2748 1384 2813 Deus,
1406 2749 1425 2799 si
1442 2763 1467 2797 se

956 2845 1105 2889 convertant
1128 2837 1161 2888 ad
1186 2837 1313 2887 unionem
1339 2851 1394 2889 cnm
1416 2833 1466 2884 Deo

956 2933 983 2976 et
1002 2923 1034 2976 ad
1052 2924 1257 2975 communionem
1271 2937 1334 2974 cum
1346 2922 1464 2989 Episcopo

956 3009 1016 3063 216.
1051 3002 1137 3075 Deus,
1158 3011 1201 3078 qui
1219 3017 1379 3076 potestatem
1397 3007 1465 3059 babet

955 3096 1076 3165 sanandi,
1098 3095 1172 3148 dabit
1184 3095 1333 3147 remedium
1352 3097 1383 3147 de
1401 3096 1465 3162 prin·

955 3183 1024 3234 ribus
1041 3183 1154 3248 peccatis
1178 3180 1239 3233 350.
1278 3167 1330 3233 Dei
1355 3182 1463 3250 longani-

346 3269 500 3339 Daphnus
520 3268 641 3325 salutatur
658 3267 710 3319 119.
723 3267 819 3336 ignatio
832 3268 891 3320 232.

346 3354 693 3411 01116111111111111178.
736 3370 738 3375 ’

345 3445 587 3496 Defunctorum
606 3440 812 3503 beatimdottt.
832 3439 891 3490 424.

345 3529 502 3582 Deliciae
528 3527 620 3580 multae
643 3535 702 3594 suut
726 3527 813 3580 fatuae
831 3526 890 3577 372.
953 3543 1041 3598 gamus
1067 3531 1129 3581 itid.
1166 3527 1239 3580 Deus
1266 3529 1350 3587 muita
1375 3529 1459 3590 tolerat,

379 3618 439 3669 407.
824 3620 826 3625 “
954 3631 1020 3683 quae
1038 3630 1088 3666 nou
1107 3613 1199 3682 probat
1219 3615 1283 3668 312.

346 3703 559 3758 Detrectatio
573 3712 611 3754 est
624 3703 768 3757 inconstans
782 3700 889 3751 daemo·
920 3700 1080 3753 Diabolus
1098 3716 1145 3753 nos
1163 3708 1259 3767 tentat,
1280 3704 1331 3755 sed
1351 3703 1458 3756 111111·

379 3792 446 3842 nium
465 3789 524 3840 347.
561 3786 612 3840 Cir.
635 3791 734 3859 linquo.
954 3804 1013 3840 cere
1025 3804 1075 3843 non
1088 3794 1173 3855 potest
1185 3785 1248 3838 352.
1262 3788 1326 3841 376.
1353 3788 1458 3842 Diabolus

346 3879 428 3930 Deus
446 3892 510 3928 unus
529 3882 576 3939 est,
600 3877 640 3944 qui
659 3890 687 3927 se
706 3876 788 3941 ipsum
806 3875 889 3924 mani·
953 3891 1004 3928 nou
1023 3883 1062 3926 est
1079 3873 1233 3947 metuendus
1247 3875 1311 3927 359.
1325 3864 1384 3929 375.
1406 3874 1457 3925 Dia·

372 3957 890 4030 11111111111501161111111111178.
952 3961 1027 4025 bolus
1054 3961 1163 4020 schisma
1188 3961 1384 4015 Corinthiacum
1407 3975 1457 4026 sug·

379 4049 449 4102 Deus
467 4065 533 4101 unus
551 4057 605 4114 est,
630 4049 673 4117 qui
692 4048 775 4099 omnia
795 4047 891 4097 creavit
951 4050 1063 4116 gessisse
1087 4047 1200 4097 innuitur
1222 4047 1285 4100 122.
1325 4049 1359 4102 Ut
1380 4048 1458 4100 obaer-

379 4144 406 4187 at
422 4135 539 4205 perfecit,
558 4144 584 4188 et
597 4151 629 4187 ex
640 4135 717 4187 nihilo
730 4134 791 4186 iecit
805 4135 890 4187 omnia
952 4150 1040 4186 remus
1058 4132 1175 4185 mandata
1194 4131 1255 4199 Dei,
1274 4136 1382 4205 angelus
1398 4131 1457 4186 nobis

379 4223 438 4276 323.
462 4222 521 4274 346.
560 4223 643 4274 Verbo
663 4221 801 4287 majestatis
827 4237 889 4273 suae
952 4222 1021 4273 vires
1039 4228 1150 4287 praestat
1169 4220 1231 4272 391.

379 4311 507 4364 coustituit
516 4310 608 4375 omnia,
623 4317 649 4361 et
658 4307 737 4361 verbo
749 4323 795 4362 suo
804 4314 889 4375 potest
917 4303 1061 4361 Diaconi
1087 4314 1113 4358 ot
1135 4305 1264 4375 Episcopi
1290 4308 1325 4361 ab
1344 4303 1458 4377 Apostoli·

955 3269 1027 3319 mitas
1038 3267 1160 3331 timenda,
1178 3283 1211 3317 ne
1224 3269 1250 3318 in
1261 3267 1390 3332 judicium
1400 3267 1464 3320 nobis

956 3354 1031 3409 cedat
1050 3354 1108 3406 162.
1140 3354 1189 3405 Aut
1208 3353 1326 3407 suturam
1344 3359 1462 3409 timeamus

955 3444 1026 3508 iram,
1044 3449 1088 3492 aut
1105 3449 1270 3508 praesentem
1284 3445 1395 3511 gratiam
1411 3440 1460 3492 dili·
