3659 5209
591 529 728 582 nauum
747 527 883 588 rastou..
917 529 1014 582 masa
1032 530 1052 582 l.
1089 530 1175 585 VISIO
1191 532 1233 587 ΠΙ.
1412 539 1473 604 331

345 690 422 752 illuo
446 707 512 752 oum
532 691 693 772 Juvenibus
717 707 789 770 sex,
821 707 898 771 quos
922 696 952 751 et
976 698 1044 754 aute
1066 660 1216 772 videram,
1248 700 1278 756 et
1307 696 1386 773 stetit
1408 705 1477 779 post
1526 710 1530 715 ’

345 814 399 857 me
424 802 574 874 orantem,
605 804 635 857 et
657 796 795 859 audiebat
817 815 864 857 me
895 801 1046 872 orantem,
1079 803 1108 857 et
1135 798 1476 867 confitentem-Domino

345 905 475 982 peecata
500 918 573 961 inea.
619 901 656 963 Et
677 908 805 983 tangens
828 920 875 963 me
900 899 990 962 dixit:
1024 901 1154 979 „desine
1179 905 1241 986 Jam
1268 910 1476 987 propeccatis

345 1005 410 1067 tuis
434 1010 543 1066 tantum
567 1023 663 1068 orare.
710 1005 770 1068 Ora
794 1012 824 1067 et
846 1023 901 1085 pro
922 1005 1065 1087 justitia,-
1082 1011 1115 1067 ut
1143 1008 1271 1088 accipias
1299 1016 1411 1090 partem
1437 1032 1477 1075 ex
1592 1081 1595 1087 ,

347 1126 388 1170 ea
410 1109 441 1169 iu
466 1108 554 1170 domo
578 1109 655 1172 tua.“
701 1109 738 1171 Et
760 1111 858 1172 erexit
881 1128 928 1171 me
948 1108 1080 1189 deloco,
1103 1118 1131 1172 et
1148 1113 1343 1195 apprehendit
1360 1135 1476 1180 manum

346 1232 458 1292 meam,
482 1220 512 1275 et
535 1213 658 1276 adduxit
680 1233 727 1276 me
750 1214 787 1276 ad
810 1214 992 1293 subsellium,
1020 1223 1050 1276 et
1072 1217 1113 1277 ait
1130 1216 1192 1279 illis
1211 1220 1390 1301 juvenibus:
1416 1222 1476 1299 „ite

346 1324 383 1381 et
406 1317 589 1380 aedificate.“
635 1319 794 1400 Postquam
825 1327 923 1383 autem
955 1319 1160 1384 discesserunt
1184 1325 1332 1405 Juvenes,
1364 1333 1394 1387 et
1422 1342 1478 1388 uos

331 1424 410 1508 ‚soli
434 1424 557 1503 luimuS,
590 1425 629 1488 ait
652 1425 737 1488 mihi:
771 1427 872 1506 „sede
895 1426 1000 1488 heio.“
1046 1426 1121 1489 Dico
1144 1428 1382 1508 ei:.„domiua„
1413 1412 1479 1492 siue

347 1529 492 1593 seniores
509 1534 576 1591 ante
593 1529 730 1592 sedere.“
772 1531 879 1610 „Quod
895 1532 946 1594 tibi
963 1531 1062 1610 dieo,“
1079 1534 1182 1613 iuquit,
1199 1534 1321 1613 „sede.“
1361 1524 1478 1610 Quum-

348 1633 544 1715 querellam
568 1634 683 1697 sedere·
708 1635 744 1698 ad
774 1636 929 1699 dexteram
961 1641 1091 1718 partem,
1123 1656 1182 1700 uon
1212 1646 1258 1701 est
1287 1652 1393 1721 passa,
1425 1639 1478 1702 sed

348 1740 502 1802 annuebat
525 1740 594 1801 mihi
607 1736 713 1818 mauu,
736 1747 768 1803 ut
783 1741 819 1802 ad
837 1742 984 1805 sinistram
1001 1748 1113 1823 partem
1128 1742 1276 1807 sederem.
1322 1743 1480 1826 Cogitaule

349 1852 453 1908 autem
476 1864 533 1924 me,
557 1852 585 1908 et
608 1848 905 1925 moestoexisteute,
931 1845 1094 1926 quoduou
1117 1848 1185 1909 sivit
1207 1867 1255 1910 me
1277 1849 1314 1911 ad
1343 1850 1479 1911 dextram

347 1957 468 2034 partem
489 1949 616 2030 sedere,
647 1952 687 2012 ait
709 1951 925 2031 mibi:·„quid
956 1957 1087 2013 moestus
1116 1971 1167 2031 es,
1190 1954 1325 2016 Herma?
1369 1955 1479 2033 Locus,

344 2055 411 2145 *qui
427 2060 476 2117 est
498 2055 535 2117 ad
559 2056 709 2134 dextram,
734 2056 850 2118 illorum
874 2061 937 2133 est,
965 2055 1014 2133 qui
1033 2055 1095 2136 jam
1118 2064 1291 2119 meruerunt
1314 2059 1427 2138 Deum,
1451 2065 1481 2122 et

354 2159 465 2242 *passi
488 2167 556 2222 suut
578 2178 667 2223 eausa
686 2161 817 2222 nominis
841 2161 916 2242 ejus.
962 2159 1027 2222 Tibi
1049 2166 1151 2229 *autem
1184 2170 1321 2242 superest
1350 2166 1480 2243 multum,

337 2272 387 2329 vut
411 2284 476 2328 oum
500 2267 554 2329 illis
578 2266 694 2329 sedeas
741 2267 823 2331 Siout
845 2281 964 2344 manes,
997 2264 1024 2324 iu
1048 2263 1232 2344 simplicitate
1255 2274 1304 2327 tua
1330 2285 1479 2347 permane,

351 2378 385 2433 'et
409 2371 529 2433 sedebis
553 2391 618 2434 curu
644 2372 710 2451 illis,
736 2379 765 2433 et
788 2373 966 2453 quicumque
989 2369 1098 2432 fuerint
1114 2373 1229 2450 operati
1245 2372 1361 2436 illorum
1378 2390 1479 2453 opera,

353 2482 386 2538 et
409 2477 611 2554 sustinuerint,
635 2494 712 2556 quae
735 2475 774 2536 illi
797 2475 1031 2537 sustinuerunt.“

444 2580 476 2642 ll.
521 2581 595 2642 Dico
619 2581 664 2641 ei:
701 2579 857 2658 „domiua,
881 2578 986 2640 vellem
1011 2580 1107 2657 scire,
1140 2598 1218 2659 quae
1245 2581 1477 2643 sustinuerunt.“

356 2685 487 2767 ᾖΑιιᾶί,ις
511 2688 620 2768 iuquit:
647 2685 747 2765 „ieras
771 2686 891 2763 bestias,
914 2683 1042 2767 flagella,
1066 2702 1213 2762 carceres,
1241 2703 1365 2764 cruces,
1391 2704 1479 2748 causa

354 2793 485 2856 nominis
501 2794 574 2874 ejus.
612 2791 737 2871 Propter
752 2791 809 2852 hoo
825 2790 944 2852 illorum
960 2796 1028 2853 suut
1044 2788 1167 2851 dextrae
1183 2797 1283 2870 partes
1306 2776 1479 2871 sauctitaliS,

356 2905 385 2960 et
410 2898 543 2979 quisquis
566 2897 694 2978 patietur
716 2903 840 2977 propter
860 2913 968 2957 nomen
985 2895 1039 2955 Dei
1047 2914 1056 2969 3
1081 2894 1263 2974 reliquorum
1284 2903 1383 2956 autem
1403 2891 1480 2956 sini-

355 3009 438 3066 strae
459 3006 558 3083 partes
580 3009 656 3064 suut.
701 3001 760 3065 Sed
783 3002 920 3081 utrisque
944 3001 998 3078 eis,
1022 3000 1125 3079 etqui
1148 2999 1186 3061 ad
1209 2980 1353 3075 dextram,
1379 3000 1481 3081 etqui

356 3106 392 3171 ad
416 3107 564 3186 sinistram
588 3107 708 3185 sedent,
739 3112 807 3169 suut
838 3105 915 3167 dona
946 3111 976 3166 et
1002 3104 1217 3185 promissiones
1226 3125 1235 3180 3
1265 3110 1375 3167 tautum
1399 3104 1478 3184 qnod

356 3212 393 3276 ed
429 3211 562 3274 dextram
596 3210 738 3274 sedentes
772 3211 881 3272 habeut
918 3210 1042 3292 gloriam
1081 3210 1244 3290 quamdam.
1300 3210 1344 3271 Tu
1381 3215 1479 3271 autem

356 3317 482 3398 cupidus
507 3318 671 3380 assedere
694 3317 731 3378 ad
763 3315 896 3379 dextram
926 3335 993 3378 oum
1024 3316 1087 3390 eis;
1116 3313 1169 3376 sed
1201 3314 1383 3395 exiguitates
1411 3322 1480 3376 tuae

354 3423 466 3484 multae
488 3428 563 3484 suut.
609 3423 822 3485 Emundaberis
854 3429 949 3484 autem
980 3422 1015 3483 ab
1046 3421 1256 3502 exiguitatibns
1279 3421 1346 3482 tuis.
1393 3418 1480 3483 ²Sed
1534 3474 1541 3484 .

356 3534 387 3591 et
419 3544 541 3605 omnes,
574 3527 623 3609 qni
655 3527 734 3588 dubii
759 3544 823 3588 uon
854 3526 977 3604 luerint,
1011 3524 1246 3587 emundabuntur
1277 3525 1312 3587 ab
1345 3526 1480 3587 omuibus

353 3631 488 3715 peccatis
513 3629 566 3693 ³iu
581 3631 668 3693 ·huue
692 3631 798 3693 diem.“
844 3631 880 3692 El
904 3650 969 3694 cum
993 3630 1068 3692 haee
1091 3631 1225 3717 dixisset,
1248 3630 1367 3693 volebat
1388 3631 1480 3692 abire.
1524 3693 1532 3705 ,

352 3739 394 3801 Et
416 3735 576 3817 procidens
599 3737 639 3798 illi
663 3736 699 3798 ad
723 3735 826 3816 pedeS,
849 3737 955 3819 rogavi
979 3736 1055 3796 illam
1079 3753 1134 3814 per
1156 3735 1330 3812 Dominum,
1358 3741 1388 3796 ut
1411 3734 1481 3796 mihi

354 3843 587 3918 demonstraret,
604 3840 682 3920 quod
698 3840 910 3920 repromiserat
926 3840 1028 3902 visum.
1053 3839 1092 3901 dr
1107 3838 1155 3900 illa
1171 3856 1274 3899 rursus
1286 3837 1481 3918 apprehendit

351 3965 476 4011 manum
499 3964 611 4026 meam,
643 3953 673 4008 et
697 3947 794 4007 erexit
816 3965 880 4022 me,
913 3953 943 4006 et
966 3944 1036 4006 lecit
1058 3940 1166 4003 sedere
1195 3930 1286 4024 super
1309 3941 1480 4003 subsellium

351 4048 394 4115 ad
425 4049 589 4157 sinistrqppffi,
609 4057 651 4111 et
683 4050 796 4112 elevata
828 4051 911 4130 virga
944 4047 1068 4129 quadam
1091 4045 1263 4126 splendida,
1296 4045 1479 4106 dixit'mihi:

392 4207 422 4271 1)
443 4202 588 4254 Laureolum
607 4211 744 4269 martyrum
762 4203 841 4272 gloria
856 4219 906 4271 pe·
969 4202 997 4264 2)
1016 4200 1101 4251 Paene
1119 4199 1209 4250 eadem
1227 4199 1333 4268 legimus
1346 4199 1396 4250 Vis.
1410 4198 1441 4263 ll,
1454 4199 1479 4248 2.

350 4292 448 4346 culiari
475 4289 650 4357 praefulgere,
670 4291 788 4348 studiosa
814 4290 907 4341 docent
970 4289 998 4356 3)
1017 4288 1057 4338 Se.
1076 4289 1102 4367 iu
1122 4284 1189 4336 diem
1210 4285 1313 4353 judicii,
1340 4285 1385 4338 cir.
1405 4301 1489 4369 supra,

350 4393 448 4442 omnes
461 4377 598 4452 scriptores
607 4385 717 4432 veteres.
737 4381 905 4431 (trandum.
933 4393 958 4446 p.
979 4375 1038 4427 327.
1056 4381 1109 4428 not
1128 4373 1154 4428 7.-
