3659 5209
571 520 693 577 ranam
710 519 869 577 nersrom
887 521 934 575 an
953 521 1158 577 sarnanum.
1176 524 1206 607 rc
1224 525 1266 580 xe
1342 501 1346 507 ’
1414 473 1476 611 231

356 678 592 747 Absentem-me
616 691 646 746 et
667 689 856 766 praesentem
880 682 1033 749 dilexistis.
1084 683 1257 750 ¹lietriliuat
1279 687 1364 751 vohis
1386 689 1479 770 Deus,

356 796 592 873 propterquam
617 791 713 852 omnia
737 790 919 855 sustinentes
942 790 1036 872 ipsum
1059 790 1270 873 adipiscemini.

319 1010 323 1050 ι
357 979 391 1043 Χ.
419 981 554 1045 Comites
570 1001 652 1045 meos
669 981 816 1051 demeoote
831 981 1014 1062 suscepistis
1022 1002 1034 1056 ;
1056 981 1237 1045 non'deerit
1249 982 1339 1045 vodis
1354 1004 1480 1050 merces.

319 1131 322 1175 t
444 1101 623 1169 ²Phil0nem
655 1113 685 1168 at
711 1104 825 1182 lineum
854 1105 1101 1186 agathopodem,
1131 1105 1181 1186 qui
1212 1123 1259 1166 mc
1289 1106 1385 1169 secuti
1413 1113 1481 1169 sunt

319 1245 322 1281 1
357 1207 441 1272 ³Dei
465 1231 565 1289 causa,
588 1220 621 1275 ut
644 1214 793 1274 ministros
817 1212 924 1273 Christi
948 1210 1002 1272 Dei
1025 1211 1234 1290 suscipientes,
1257 1210 1335 1272 benc
1359 1209 1480 1273 lecistis.-

354 1315 377 1378 li
395 1317 659 1398 qunque.Domino
676 1319 787 1399 gratias
803 1323 894 1398 agunt
910 1325 1034 1399 propter
1049 1333 1115 1392 vos,
1136 1314 1215 1396 quod
1233 1316 1368 1378 omnibus
1385 1316 1480 1378 modis

330 1421 424 1497 ,illos
455 1421 629 1485 reieceritis.
674 1423 721 1486 Nil
753 1417 887 1485 ⁴horum
917 1422 1004 1489 ,vobis
1035 1421 1091 1482 erit
1121 1421 1269 1483 amissum.
1316 1418 1481 1483 ⁵Vicissim

352 1534 497 1588 recreent
518 1544 573 1589 vos
596 1528 715 1610 spiritus
739 1545 822 1588 meus
847 1533 876 1588 et
899 1527 1017 1589 vincula
1040 1545 1122 1603 mea,
1156 1545 1233 1607 quaa
1255 1544 1315 1588 non
1341 1535 1481 1590 contern-

348 1631 454 1710 sistis,
487 1650 671 1715 quorumque
695 1650 750 1694 vos
776 1651 834 1695 non
859 1631 971 1714 puduit.
1015 1631 1078 1694 Nec
1101 1637 1232 1694 vestrum
1256 1631 1377 1712 pudebit
1404 1650 1481 1714 per-

351 1735 464 1798 fectam
486 1732 608 1818 tutem,
632 1738 734 1800 lesum
759 1737 925 1803 Christum.-

372 1890 438 2005 le,
481 1929 593 1995 Mittite
616 1930 747 2010 tepotum
771 1931 814 1991 ad
835 1928 1046 2010 Antiochenses
1069 1927 1108 1990 od
1122 1900 1238 2005 pacem
1259 1928 1442 1992 restitutam.

366 2114 371 2121 ,
444 2050 546 2115 Oratio
570 2058 670 2113 vestra
696 2047 859 2132 ⁷pervenit
883 2051 920 2113 ad
943 2052 1110 2127 ecclesiam,
1135 2069 1211 2130 quae
1235 2059 1282 2113 est
1303 2053 1480 2117 Antiochiae
1553 2114 1560 2128 ,

349 2157 383 2219 in
408 2157 512 2238 Syrla3
543 2158 622 2218 unda
654 2157 778 2218 vinculis
803 2156 867 2217 lien
899 2158 1026 2219 maxinre
1055 2155 1237 2237 placentibus
1267 2157 1376 2239 ligatus
1402 2157 1481 2241 (ab-

350 2259 493 2349 ductus),
516 2279 619 2324 ornnes
643 2262 748 2338 saluto,
772 2261 822 2324 illo
846 2262 1020 2342 episcopatu
1045 2260 1128 2340 lurrgi
1151 2277 1211 2321 non
1235 2259 1354 2341 dignus,
1377 2270 1480 2342 utpote

350 2367 483 2431 omnium
500 2366 632 2441 intimus;
654 2365 709 2428 sed
726 2361 759 2448 (⁸
773 2364 847 2449 liei)
863 2368 999 2442 volrrptas
1016 2385 1062 2428 me
1078 2366 1196 2448 dignata
1215 2373 1269 2443 est,
1296 2368 1354 2428 non
1372 2362 1479 2448 ⁹juxta

349 2472 567 2536 conscientiam
591 2491 704 2551 meam,
737 2473 791 2536 sed
815 2492 855 2535 ex
877 2474 972 2554 gratia
996 2473 1069 2549 Dei,
1101 2489 1187 2554 quam
1215 2470 1378 2552 perlectam
1411 2470 1480 2533 irrihi

349 2568 419 2642 dari
443 2584 524 2658 opto,
548 2583 580 2639 ut
602 2594 656 2657 per
680 2559 845 2641 orationem
869 2585 998 2643 vestram
1015 2578 1110 2640 Deum
1131 2595 1309 2658 consequar.
1347 2576 1383 2638 Ut
1402 2560 1483 2640 nunc

349 2701 431 2766 opus
456 2691 586 2745 vestrum
611 2684 775 2746 absolutum
799 2679 848 2746 liat
870 2702 969 2746 coram
994 2684 1058 2747 Deo
1082 2691 1111 2745 et
1134 2683 1311 2759 hominibus,
1334 2679 1422 2745 decet
1443 2681 1481 2744 ad

349 2789 409 2852 Dei
433 2789 594 2866 honorem,
618 2794 649 2849 ut
672 2789 799 2851 ecclesia
823 2796 923 2852 vestra
949 2785 975 2827 ¹⁰
989 2790 1080 2872 eligat
1101 2806 1218 2851 sacrum
1241 2787 1389 2870 legatum,
1419 2788 1480 2868 qui,

349 2914 445 2976 quum
467 2895 506 2956 ad
521 2894 634 2975 Syriam
657 2911 754 2975 usqne
777 2896 902 2971 venerit,
928 2894 1155 2976 congratuletur
1177 2894 1244 2972 ntis,
1272 2891 1351 2972 quod
1376 2911 1481 2973 pacem

351 3000 509 3062 consecuti
532 3000 607 3076 sint,
631 3004 660 3060 et
682 3018 764 3060 suam
787 3001 958 3080 receperint
982 2998 1229 3080 magnitudinem,
1256 3015 1291 3058 ac
1315 2998 1481 3059 restitutum

349 3103 393 3167 sit
416 3101 474 3164 iltis
498 3120 582 3164 suum
607 3098 767 3183 ¹¹cnrpus.
814 3101 1066 3186 ¹²Dignaigitur
1088 3102 1157 3165 milri
1180 3119 1231 3164 res
1263 3108 1307 3163 est
1337 3103 1418 3178 visa,
1452 3108 1482 3164 ut

336 3207 484 3287 ,aliquem
508 3214 640 3268 vestrum
657 3208 775 3282 mittatis
792 3226 856 3269 cum
874 3208 1009 3289 epistola,
1034 3208 1156 3289 quiana
1179 3225 1245 3269 cum
1262 3206 1319 3268 illis
1335 3205 1483 3288 glorificet

350 3311 613 3393 tranquillitatem,
646 3331 731 3396 quam
758 3314 842 3394 juxta
866 3312 922 3374 Dei
951 3315 1132 3376 voluntatem
1159 3318 1227 3375 sunt
1250 3311 1421 3388 consecuti,
1453 3317 1483 3373 et

351 3415 438 3500 quod
462 3416 587 3478 ecclesia
612 3417 659 3479 illa
682 3435 737 3498 per
760 3414 931 3481 orationem
946 3408 1074 3481 uestram
1093 3426 1181 3500 portu
1197 3419 1258 3501 jam
1282 3418 1321 3480 sit
1347 3412 1371 3454 ¹³
1382 3417 1482 3498 potita.

352 3524 454 3598 Quum
476 3522 602 3604 perlecti
625 3523 703 3601 suis,
735 3524 821 3585 etiam
852 3522 985 3604 perlecta
1013 3523 1199 3606 excogitatis.
1251 3519 1481 3604 ¹⁴Cupienlibus

353 3631 436 3692 enim
460 3628 548 3707 vobis
570 3628 647 3704 bene
671 3629 868 3710 agere-Deus
892 3628 929 3690 ad
952 3628 1138 3713 largiendum
1161 3633 1279 3709 paratus
1304 3633 1357 3688 est.
1464 3700 1466 3705 ,

351 3767 459 3834 saepius
486 3764 601 3817 absoluta
626 3766 903 3834 ponunturnNostro.
952 3766 996 3830 11)
1017 3766 1057 3817 Sc.
1076 3767 1213 3821 eeclesiae.
1259 3790 1261 3795 ·
1334 3785 1353 3823 ·,

352 3872 379 3907 e.
399 3870 425 3921 g.
445 3851 511 3919 intra
530 3868 553 3904 c.
574 3854 613 3905 12.
633 3855 663 3904 ad
683 3853 770 3919 Polyc.
791 3854 852 3904 cl.
873 3854 904 3904 ad
952 3853 997 3921 12)
1027 3853 1105 3930 Vetus
1136 3853 1260 3918 interpres
1294 3858 1319 3902 et
1348 3849 1482 3902 Armenias

351 3939 689 4009 Trall.‚c.13.adEphea.
709 3940 770 3990 c.3.
791 3939 904 4009 lllagnes.
930 3935 1049 4011 legerunt
1067 3935 1185 3996 α’ξιόθεον.
1240 3992 1243 3999 ,
1271 3986 1273 3990 ,
1401 3988 1404 3997 Δ

351 4047 377 4082 c.
398 4031 424 4081 4.
459 4027 628 4095 interpolator
647 4028 717 4079 addit
737 4026 806 4076 Θεοῦ.
953 4028 997 4091 13)
1017 4027 1095 4078 Forte
1113 4024 1248 4093 legendum
1267 4019 1403 4091 ἐτύγχανον
1425 4039 1482 4075 cum

390 4117 509 4181 9t1Non
539 4119 608 4184 qaod
638 4119 751 4168 mitrimet
780 4116 835 4183 ipsi
864 4118 906 4168 aet
933 4115 1052 4166 versione
1071 4112 1231 4164 Armeniaca.

336 4207 495 4269 ,minimum
512 4205 565 4256 sim
584 4205 724 4266 conscius,
753 4206 831 4271 quasi
848 4205 905 4271 ipse
952 4201 997 4257 111
1017 4199 1089 4251 Hune
1107 4199 1189 4250 locum
1211 4198 1276 4250 male
1296 4197 1481 4267 semipelagia-

351 4297 523 4373 meruissem.
535 4328 539 4333 .
551 4292 641 4349 sarra.
705 4316 712 4323 .
834 4322 865 4329 ,.
933 4291 1005 4341 nismi
1027 4296 1171 4355 suspectum
1195 4295 1264 4354 putat
1283 4287 1481 4361 eraapapren.

361 4381 421 4450 to)
441 4377 493 4433 cn.
513 4378 546 4430 ad
564 4375 658 4431 Philad.
676 4393 699 4430 c.
721 4376 761 4433 10.
811 4412 814 4417 -
933 4379 1062 4440 Orosius,
1082 4371 1480 4444 Letrt.d.ttoga.tt.tt,1107.
