3659 5209
444 577 521 633 xcrv
880 542 1191 638 ruosuuou'uun„
1329 576 1334 590 ’
1440 575 1573 645 [rusror

535 737 743 820 Conjeoturam
777 736 917 818 Origenis
952 757 968 799 a
1003 735 1100 799 multis
1134 744 1286 818 receptam
1322 737 1433 799 iterum
1468 737 1572 818 profert

446 845 656 925 Hieronymus*
672 842 709 902 de
731 841 803 903 viris
826 842 914 904 illust.
939 860 964 903 c.
986 839 1035 920 10,
1058 842 1097 904 ita
1121 844 1274 905 scribens:
1297 842 1449 904 llarmom
1478 848 1573 926 (cajus

447 949 616 1030 Apostolus
644 946 762 1009 Paulus
791 947 834 1008 od
861 947 1022 1009 Romanos
1052 947 1193 1010 scribens
1222 949 1377 1035 meminit:
1411 951 1572 1026 „salutate

446 1053 657 1134 Aspncrr'tnm,
681 1051 893 1131 Phlepontem,
916 1050 1080 1128 Hermum,
1104 1052 1289 1130 Patrobam,
1312 1053 1456 1115 Hermen
1482 1063 1514 1116 ct
1533 1056 1572 1136 qai

446 1156 513 1240 cam
528 1160 574 1220 eis
588 1157 708 1235 fratres
724 1158 838 1233 sant‘)
862 1163 1008 1219 asserant
1031 1155 1189 1219 auctorem
1204 1176 1270 1219 esse
1287 1157 1372 1234 libri,
1399 1160 1458 1239 qai
1474 1161 1570 1241 'oppet-

461 1239 472 1253 1

446 1265 530 1326 lotar
546 1262 660 1324 Pastor
669 1281 680 1335 ;
704 1269 733 1322 et
756 1261 842 1339 opud
865 1261 1019 1339 quosdam
1037 1262 1189 1324 Groecioe
1206 1263 1357 1325 ecclesius
1368 1265 1446 1344 jam
1460 1265 1571 1344 publice

390 1383 397 1399 ¹
446 1370 566 1450 lepitur.
611 1368 735 1428 Revera
750 1367 838 1427 utilis
856 1366 945 1444 liber,
969 1368 1114 1447 multione
1130 1367 1167 1428 de
1183 1386 1219 1429 eo
1235 1368 1431 1447 scriptoram
1448 1377 1570 1432 oetcran

389 1543 391 1546 Α
445 1491 639 1554 osarpooere
665 1471 863 1543 testimonio;
894 1472 951 1533 sed
974 1472 1060 1550 opud
1082 1472 1217 1534 lotinos
1245 1490 1347 1552 poene
1371 1475 1510 1554 ionotas
1531 1483 1568 1538 est.

446 1580 540 1654 Quam
564 1578 649 1659 parvi
673 1576 872 1658 Hieronymus
896 1576 961 1657 ipse
983 1577 1052 1640 alibi
1074 1575 1180 1638 librum
1203 1582 1336 1639 nostrum
1358 1577 1486 1660 fecerit,
1510 1580 1567 1642 inin

447 1683 621 1746 videbimus.

534 1786 753 1850 Posterioribus
790 1787 973 1870 temporibus
1011 1787 1093 1849 multi
1131 1786 1180 1848 alii
1218 1786 1248 1850 in
1288 1787 1385 1851 verba
1426 1790 1564 1876 Origeuis‚

446 1893 568 1955 Eusebii
592 1897 621 1952 et
642 1891 822 1985 Hieronymi
840 1893 1034 1975 juraverunt,
1066 1897 1095 1953 et
1118 1892 1244 1953 Hermae
1274 1895 1453 1973 apostolico
1478 1897 1565 1960 librun

446 1998 578 2061 Pastoris
601 1996 776 2058 tribuerunt.

535 2102 629 2164 Aliam
667 2101 843 2163 sententiam
881 2101 993 2183 primus
1033 2109 1137 2165 auctor
1173 2102 1343 2184 Fragmenti
1383 2103 1564 2169 Muratoriaui

447 2203 613 2290 evulgavit,
636 2207 674 2269 ita
698 2204 867 2268 disserens:
897 2207 1069 2285 „Pastorem
1092 2225 1168 2270 vero
1191 2208 1363 2288 nuperrime
1392 2211 1563 2293 temporibus

445 2313 555 2374 nostris
579 2312 607 2372 in
630 2312 704 2373 urbe
727 2311 820 2375 Roma
842 2312 950 2373 Herma
983 2308 1020 2394 (l.
1044 2310 1187 2395 Hermas]
1220 2313 1417 2394 conscripsit,
1455 2316 1563 2378 sedente

444 2416 584 2480 cathedra
607 2417 689 2478 urbis
712 2416 824 2478 Romae
848 2415 993 2478 ecclesiae
1017 2416 1068 2479 Pio
1100 2418 1261 2498 episcopo,
1293 2418 1389 2481 fratre
1420 2423 1500 2503 ejus.
1538 2420 1563 2482 Et

443 2522 512 2584 ideo
536 2522 598 2604 legi
622 2540 689 2583 eum
712 2521 839 2608 quidem·
854 2527 990 2601 oportet,
1022 2521 1075 2583 sed
1108 2524 1259 2604 publicare
1284 2542 1359 2587 vero
1389 2525 1421 2588 in
1448 2528 1562 2590 ecclesia

444 2628 566 2710 populo,
590 2646 687 2708 neque
710 2628 787 2689 inter
802 2625 965 2706 prophetas
982 2627 1156 2707 completum
1173 2625 1211 2711 (t.
1228 2628 1418 2713 completos)
1438 2650 1560 2709 numero,

444 2752 543 2814 neque
567 2734 643 2794 inter
666 2732 830 2812 Apostolos
853 2733 882 2792 in
905 2730 1000 2816 finem
1016 2738 1180 2813 temporum
1204 2735 1322 2814 potest“
1345 2732 1384 2819 ¹).

531 2838 742 2900 Testimonium
775 2835 849 2915 hoc,
881 2836 961 2926 circa
993 2855 1100 2899 annum
1134 2834 1195 2900 170
1226 2857 1252 2919 p.
1279 2838 1347 2916 Ch,
1381 2847 1416 2904 ut
1439 2851 1560 2924 putatur,

329 2995 335 3006 .
444 2943 570 3022 editum,
603 2961 640 3005 eo
664 2942 785 3022 majoris
809 2944 1035 3021 admonenti,
1067 2954 1127 3024 quo
1159 2945 1324 3006 accuratius
1351 2955 1467 3011 auctor
1490 2949 1560 3032 hujus

367 3069 373 3076 ·
443 3048 599 3137 fragmenti
629 3048 669 3109 Pii
704 3052 836 3126 tempora
871 3049 1037 3129 attingens,
1072 3050 1110 3110 de
1142 3068 1175 3111 re
1206 3051 1270 3129 ipsa
1304 3050 1476 3117 instructus
1508 3071 1560 3117 essu

298 4554 425 4662 ἱ

442 3160 577 3233 poterat,
612 3158 642 3214 et
665 3170 724 3231 quo
748 3151 857 3213 clarius
880 3153 1093 3234 perspicimus,
1127 3171 1193 3215 eum
1217 3154 1324 3216 nimiae
1347 3155 1419 3219 libri
1445 3159 1560 3224 Pastoris

443 3258 648 3334 aestimationi,
676 3256 825 3332 falsaeque
848 3256 886 3348 de
910 3267 1032 3320 auctore
1056 3259 1187 3339 opinioni
1211 3259 1359 3321 obsistere
1383 3264 1530 3328 voluisse.

436 3374 442 3380 '
530 3365 683 3440 Hermam,
715 3362 758 3424 Pii
781 3363 800 3424 l.
834 3362 955 3449 tratrem
987 3360 1105 3446 (medio
1136 3363 1239 3426 seculo
1262 3361 1332 3448 ll),
1365 3367 1403 3428 ab
1433 3371 1560 3453 ,angelico

443 3474 565 3548 pastore
589 3465 744 3546 edoctum,
767 3467 872 3529 librum
889 3476 1031 3538 ,nostrum
1046 3460 1299 3549 conscripsisse,
1320 3471 1410 3534 ctiam
1435 3476 1560 3539 Pseudo·

430 3572 640 3639 ,Tertullianus
661 3565 787 3654 [cantra
809 3572 950 3635 Marcion.
975 3574 1022 3636 lib.
1045 3573 1089 3635 lll.
1114 3593 1138 3636 c.
1164 3570 1203 3657 9)
1229 3573 1332 3636 tradit:

575 3674 718 3763 „lamque
741 3676 808 3739 loco
832 3695 912 3740 nono
937 3677 1104 3739 cathedram
1128 3661 1268 3759 suscepit
1282 3677 1436 3761 HygiuuS,

573 3780 642 3841 Post
660 3781 742 3850 hunc
766 3781 874 3843 deinde
896 3784 975 3859 Pius,
999 3783 1131 3873 Hermas¹
1148 3783 1195 3844 cui
1218 3784 1354 3864 germine
1379 3785 1488 3869 irater,

575 3883 736 3967 drigelicus
760 3895 862 3968 pastor
879 3890 933 3950 cui
950 3884 982 3969 Ἰ)
1005 3885 1110 3949 tradita
1134 3889 1224 3949 verba
1247 3889 1395 3951 locutus“

482 4158 507 4226 l]
528 4163 647 4215 Gallond.
666 4162 795 4215 Biblvet.
810 4163 908 4214 Patruus
921 4164 989 4216 Tom.
1052 4165 1081 4231 2)
1108 4163 1144 4215 lta
1170 4179 1226 4214 cum
1253 4160 1393 4220 hloshemio
1426 4172 1474 4237 (de
1500 4159 1560 4225 rebus

443 4242 473 4297 ll.
493 4263 517 4312 p.
538 4247 597 4297 208.
636 4249 755 4301 Wtaeler
777 4251 802 4300 iu
821 4250 908 4302 Theol.
929 4253 991 4303 Stu-
1019 4251 1109 4303 Christ.
1136 4261 1194 4303 ante
1219 4250 1374 4305 Constantia.
1401 4256 1438 4311 th,
1466 4279 1492 4330 p.
1513 4257 1559 4321 tot)

445 4330 503 4382 dien
517 4333 566 4383 und
581 4334 695 4385 Kritihen
717 4334 793 4401 1847,
812 4335 937 4390 Fascicul.
950 4339 991 4393 lV.
1019 4338 1154 4411 legendum
1173 4348 1241 4406 puto.
1272 4339 1357 4392 Editi:
1378 4349 1455 4415 quia.

444 4434 469 4489 p.
488 4421 538 4470 825
557 4437 595 4492 sq.
1267 4442 1269 4446 '
1392 4438 1394 4443 ’
