3659 5209
348 573 376 628 S.
397 569 609 640 connotant]
793 567 1047 623 Pnotssttobsstttt.
1382 570 1481 627 nxxttt

347 734 527 818 praesertim
558 749 629 811 eos,
662 731 712 813 qui
743 731 780 793 de
803 730 970 812 S.·lgnatio
1004 736 1033 792 et
1064 731 1130 813 ejus
1153 731 1286 810 epistolis
1309 734 1480 816 loquuntur,

347 842 382 903 iu
407 840 607 920 suspicionem
631 837 867 917 interpolationis
892 835 1043 898 adducere
1074 841 1198 897 conatus
1226 843 1271 898 est
1297 857 1356 901 uon
1379 859 1477 920 orpo-

349 944 476 1019 mentis‚
500 942 552 1005 sed
567 940 750 1004 arbitrariae
766 941 958 1020 conjecturis
974 941 1113 1001 insistens
1122 961 1131 1016 ;
1155 941 1201 1002 cui
1219 940 1295 1002 bene
1313 946 1479 1025 etcopiose

350 1047 511 1128 respondit
533 1046 581 1108 Dr.
604 1046 784 1128 Denaiupor
814 1047 847 1107 in'
868 1045 995 1128 Ttibing.
1019 1043 1109 1145 tbpol.
1135 1043 1362 1118 Quartalscbrilt
1387 1045 1478 1111 1851.

352 1172 382 1236 p.
408 1146 586 1217 399-409.

441 1260 474 1320 V.
511 1254 671 1338 Epistolarn
695 1255 724 1319 S.
747 1255 902 1337 Polycarpi
925 1251 1014 1334 paulo
1038 1258 1106 1333 post
1128 1254 1299 1336 martyrium
1323 1254 1352 1318 S.
1378 1253 1481 1336 Ignatii

350 1367 503 1424 exaratam
534 1378 619 1439 esse,
652 1379 690 1423 ex
719 1361 843 1441 epistola
867 1364 931 1442 ipsa
960 1360 1126 1437 erudimur,
1157 1378 1182 1422 c.
1210 1358 1258 1423 13.
1307 1359 1367 1423 Cir.
1390 1378 1482 1441 supra

347 1486 377 1550 p.
401 1466 454 1528 XL
478 1484 539 1547 sq„
564 1485 641 1546 qnae
665 1465 703 1526 de
726 1473 860 1546 tempure
883 1467 987 1527 mortis
1010 1464 1038 1526 S.
1062 1464 1164 1547 lgnatii
1190 1465 1414 1546 disputavimus.

439 1571 485 1632 Vl.
524 1572 605 1633 Haec
628 1570 751 1652 epistola
775 1590 877 1632 manca
900 1571 1026 1632 babetur
1045 1572 1073 1631 in
1093 1571 1229 1632 ornnibus
1249 1570 1368 1651 graecis
1389 1568 1481 1631 codi-

349 1677 436 1738 cibus
460 1677 553 1737 mstis.
599 1676 772 1737 Ubi-autem
796 1676 917 1738 codices
941 1675 1102 1754 deficiunt,·
1127 1677 1164 1737 ibi
1189 1677 1378 1737 continenter
1401 1674 1479 1736 sub-

348 1782 479 1842 nectitur
512 1780 636 1859 epistola
669 1781 837 1858 Barnabae,
874 1779 929 1842 sed
967 1783 1064 1863 capite
1102 1787 1245 1844 truncato.
1293 1777 1352 1843 Cir.
1388 1797 1479 1860 supra

350 1905 377 1967 p.
401 1885 479 1948 XVI.
502 1885 554 1947 Nr.
578 1884 636 1948 vlt.
660 1892 691 1946 et
713 1905 740 1966 p.
767 1883 794 1946 1.
817 1885 884 1947 Not.
910 1882 940 1946 2.

441 1983 550 2053 Totanr
564 1995 638 2050 ver'o
654 1990 808 2070 Polycarpi
828 1989 983 2068 epistolam
1002 1996 1090 2050 vetus
1112 1990 1197 2051 nubis
1215 1989 1346 2051 servavit
1364 1990 1477 2067 versio,

349 2108 441 2178 quarn
464 2097 576 2176 prirnus
597 2087 679 2154 1198
694 2093 822 2170 Parisiis,
845 2094 881 2154 ab
905 2093 971 2172 ipso
996 2092 1154 2171 inventurn,
1177 2093 1324 2175 evulgavit
1347 2093 1477 2158 lacobus

348 2200 452 2263 Faber
475 2197 666 2277 stapulensis.
733 2240 737 2246 .

440 2302 560 2364 Graece
583 2309 612 2363 et
634 2302 723 2363 latine
746 2302 855 2384 prirnus
879 2300 1033 2383 epistolam
1064 2302 1093 2363 in
1123 2300 1219 2364 lucern
1243 2303 1362 2382 protulit
1386 2305 1479 2367 Duaci

352 2404 440 2472 1633
457 2406 562 2469 Petrus
577 2408 752 2484 Helloixius,
776 2407 1012 2489 exapograptvo
1036 2406 1186 2469 Francisci
1208 2407 1351 2482 Turriani
1374 2426 1390 2467 a
1414 2412 1479 2470 viro

351 2515 528 2577 doctissimo
551 2512 665 2576 Jacobo
689 2514 846 2576 Sirmondo
871 2515 899 2575 S.
922 2513 948 2575 J.
973 2513 1008 2574 ad
1034 2512 1112 2574 illurn
1136 2514 1310 2573 transmisso
1330 2508 1365 2592 ¹).
1412 2511 1481 2573 Post

351 2637 449 2702 apnos
483 2614 523 2681 14
552 2617 681 2680 lacobus
713 2617 850 2680 Usserius
880 2618 958 2680 aliud
988 2625 1092 2679 nactus
1125 2618 1294 2698 exernplar,
1328 2616 1407 2696 quod
1441 2635 1481 2678 cx

350 2724 496 2788 Andreae
520 2723 631 2785 Scbotti
661 2725 835 2804 apographo
866 2724 1003 2785 Claudius
1034 2723 1193 2784 Salmasius
1223 2741 1310 2782 uranu
1339 2719 1480 2781 suade-

351 2828 495 2908 scriptum
520 2844 585 2889 curn
608 2827 711 2889 lsaaco
736 2829 843 2891 Vossio
868 2830 1147 2903 communicaverat,
1175 2829 1245 2889 illud
1269 2826 1391 2888 contulit
1414 2844 1506 2912 ctam,

352 2932 436 2995 edito
452 2933 637 3008 Halloixano,
662 2938 750 3012 atque
772 2934 847 2995 banc
863 2934 1105 3014 Polycarpiananv
1123 2933 1277 3014 epistulam
1293 2950 1358 2992 curn
1378 2937 1479 2991 vetere

351 3036 519 3117 interprete
542 3036 674 3098 Londini,
701 3037 851 3118 evulgavit
874 3035 985 3113 ,16473
1018 3056 1104 3117 qvvarn
1135 3037 1242 3098 deinde
1274 3054 1350 3097 nova
1383 3036 1479 3096 inter-

351 3143 522 3224 pretatione
550 3143 722 3204 adornatam
752 3143 885 3205 exhibuit
914 3143 1090 3205 Cotelcrius.
1135 3143 1223 3203 Anno
1256 3138 1335 3204 1709
1369 3141 1476 3222 prodiit

353 3247 486 3309 Tironrae
503 3246 614 3331 Sinitbii
639 3249 729 3309 ertitio
754 3254 919 3328 praestanS,
943 3265 1067 3326 eamque
1090 3253 1210 3307 secutus
1233 3253 1279 3306 est
1295 3231 1475 3309 Gattanotv'vs.

352 3351 456 3413 Novas
488 3351 615 3430 denique
648 3351 794 3414 editiones
821 3350 923 3430 1838,
958 3347 1040 3414 1840
1064 3356 1093 3411 et
1118 3349 1199 3414 1817
1223 3350 1379 3412 adornavit
1401 3350 1477 3413 Gui-

351 3456 469 3518 lielrnus
492 3455 697 3535 Jacobsonns,
730 3458 881 3521 codicibus
907 3459 1065 3536 Vaticano,
1098 3457 1230 3524 Parisino
1261 3464 1291 3518 et
1318 3457 1477 3519 Mediceo-

352 3561 552 3624 Laurentiano
576 3574 680 3623 usus.¹

444 3664 501 3728 Vll.
548 3665 593 3727 De
621 3666 777 3748 Polycarpi
809 3668 958 3730 doctrino
990 3667 1214 3747 disputaverunt
1245 3660 1477 3746 Lampo-off),

350 3770 521 3853 Hcynsics‘,
545 3771 659 3834 tuntas
684 3790 718 3834 ac
740 3792 803 3834 oon
829 3773 913 3834 Gilrc
930 3769 973 3855 ³),
997 3771 1154 3832 Mbblerur
1170 3764 1202 3849 ⁴)
1226 3768 1334 3830 etalii.

390 3958 420 4026 1)
440 3957 491 4011 Cir.
510 3935 586 4025 supra
602 3977 627 4028 p.
647 3961 710 4015 xt't.
730 3960 773 4012 Nr.
795 3961 854 4016 vtt..
930 3968 1027 4028 patrum
1063 3967 1145 4026 apost.
1180 3957 1269 4009 morali
1304 3975 1335 4025 p..
1358 3955 1477 4014 60-69;

388 4047 419 4112 2}
437 4045 500 4098 fltsr.
509 4046 585 4097 tbeol.
597 4049 648 4099 crit.
661 4046 686 4098 T.
695 4047 712 4099 l.
723 4065 747 4116 p.
753 4047 902 4123 3512356.
930 4066 954 4115 p.
975 4047 1092 4108 74-843
1111 4063 1134 4112 p.
1156 4044 1276 4106 75-78.Ι
1450 4086 1452 4091 .

388 4132 419 4202 3)
448 4131 679 4187 Commentatiuncs
709 4133 742 4185 dc
775 4134 905 4205 theologia
966 4136 994 4199 ⁴)
1013 4132 1142 4199 Patrolog.
1161 4130 1227 4216 nt.
1247 4148 1272 4198 p.
1293 4125 1437 4180 tae-162.

799 4352 1030 4364 m

1481 4518 1594 4664 1
