3659 5209
506 550 643 604 nunnus
661 550 795 605 rnsron.
830 551 927 604 ιιιιιιιι
946 551 986 604 ιιι.
1023 529 1147 608 sinum.
1167 555 1196 608 v.
1227 522 1232 529 ’
1350 554 1415 620 387

285 695 509 775 similitudinem
534 720 581 775 est
610 713 733 793 positus.
779 714 923 779 Dominus
952 721 1058 795 autem.
1080 713 1163 776 fundi
1196 700 1419 780 demonstratur

285 835 361 881 esse
385 819 427 899 is,
457 817 510 901 'qui
532 820 646 881 creavit
673 829 796 900 cuncta,
827 827 857 883 et
882 821 1113 898 consummavit,
1144 826 1173 880 et
1195 804 1332 883 virtutem
1360 821 1417 884 illis

285 920 379 986 dedit.
433 922 523 984 Filius
559 930 655 985 autem
690 924 814 1004 Spiritus
849 932 969 987 sanutus
1006 930 1059 986 est.
1114 923 1225 988 Servus
1260 943 1334 987 vero
1366 925 1429 988 ille·

283 1014 380 1090 Filius
396 1027 450 1090 Dei
469 1035 523 1090 est.
571 1029 663 1090 Vinea
680 1034 777 1092 autem
793 1029 920 1111 populus
937 1035 991 1107 est,
1016 1047 1103 1108 quem
1120 1033 1221 1089 servat
1236 1028 1310 1110 ipse.
1356 1030 1418 1092 Pali

285 1128 365 1196 vero
389 1131 482 1195 nuntii
505 1138 583 1212 sunt,
607 1135 656 1216 qui
680 1153 697 1196 a
720 1134 847 1214 [loinino
872 1133 1033 1215 praepositi
1056 1132 1183 1195 suntad
1207 1132 1417 1196 continendum

284 1238 431 1320 populum
455 1239 530 1334 ejus
575 1239 694 1335 Herlrae
716 1247 825 1316 autem,
849 1257 926 1318 quae
949 1217 1072 1300 evulsae
1091 1242 1160 1299 sunt
1180 1235 1218 1326 de
1240 1237 1337 1315 vinea,
1360 1226 1418 1299 ad-

285 1342 378 1404 missa
402 1346 471 1403 sunt
494 1328 652 1406 servorum
675 1344 738 1406 ltei
785 1343 849 1405 Cibi
872 1361 957 1422 vero,
984 1358 1060 1423 quos
1086 1336 1125 1403 de
1149 1360 1243 1404 coena
1266 1342 1344 1404 misit
1366 1341 1416 1420 illi,

285 1447 425 1540 mandata
448 1456 526 1527 sunt,
551 1468 627 1529 quae
650 1468 704 1530 per
727 1449 829 1511 Filium
855 1447 936 1510 dedit
958 1446 1068 1529 populo
1091 1463 1156 1508 suo
1203 1445 1297 1508 Amici
1321 1441 1417 1509 autem

286 1530 348 1631 ulli,
371 1569 448 1645 qups
471 1551 500 1614 in
524 1552 649 1616 oonsilio
668 1552 846 1630 'advocavit,
870 1552 969 1634 angeli
994 1557 1062 1613 sunt
1083 1549 1200 1637 saneti,
1223 1568 1298 1631 quos
1321 1551 1416 1632 primo

288 1658 414 1729 creavit.
460 1656 700 1720 Absentiavero
725 1657 801 1720 illius
825 1655 1045 1737 patrisfamilias
1068 1658 1182 1734 tempus
1204 1661 1260 1732 est,
1283 1654 1363 1734 quod
1387 1656 1417 1717 in

288 1752 451 1825 adventum
479 1762 545 1842 ejus
575 1760 697 1825 reslat.'“
744 1764 887 1826 Diooei:
924 1764 1081 1843 „domine,
1111 1761 1269 1844 magnilica
1292 1769 1323 1825 et
1344 1762 1417 1824 mire

288 1864 390 1929 omnia'
411 1857 487 1927 liaeo
510 1883 544 1928 se
566 1865 692 1946 liabent,
716 1874 806 1949 atque
828 1869 974 1935 honeste:
1008 1867 1149 1952 numquid
1174 1884 1265 1950 ergo,
1289 1865 1417 1945 domine,

288 1972 428 2055 inquam,
448 1971 524 2033 haec
546 1977 680 2052 poteram
704 1971 898 2053 intelligere?
928 1961 989 2043 [Ne
1017 1971 1134 2052 quidem
1159 1971 1303 2051 quispiam
1325 1961 1423 2054 prae-T

288 2082 374 2137 terea
397 2068 506 2155 homo,
540 2069 655 2137 tametsi
678 2075 767 2138 valde
790 2076 922 2156 prudens
946 2077 1002 2152 sit,
1031 2074 1142 2155 poterit
1175 2075 1344 2156 intelligere
1373 2095 1419 2138 ea.

290 2178 350 2241 Sed
374 2198 453 2242 nuno
483 2180 553 2242 mihi
575 2180 769 2258 demonstra,
800 2174 936 2260 domine,
969 2178 1221 2260 quod,quaero.“
1269 2180 1418 2258 „Quaere

291 2284 371 2365 quod
397 2284 472 2364 vis,“
497 2285 600 2365 inquit.
649 2285 799 2364 „Quare‚“
825 2269 953 2368 inquam,
978 2283 1087 2363 „Filius
1104 2280 1158 2344 Dei
1179 2282 1208 2343 in
1228 2282 1418 2355 similitudine
1532 2274 1535 2279 ’

290 2389 347 2451 liae
372 2381 476 2457 servili
498 2388 566 2451 loco
589 2390 754 2470 ponitur?“
849 2388 854 2394 '
888 2390 890 2394 ’
946 2402 948 2412 ·

349 2494 445 2558 ll.l
477 2492 485 2529 ¹
503 2492 636 2573 „Audi‚“
667 2494 778 2575 inquit,
810 2495 858 2573 „in
889 2461 991 2556 servili
1020 2491 1211 2555 conditione
1209 2509 1275 2554 non
1298 2446 1419 2572 ponitur-

235 2583 236 2605 *
290 2560 380 2674 Filius
415 2599 490 2676 Dei,
524 2598 622 2661 sed
614 2618 642 2660 m
676 2603 782 2681 magna
816 2605 964 2681 potestate
999 2604 1028 2660 et
1062 2598 1216 2678 imperio.“
1272 2595 1306 2658 Ei
1342 2595 1420 2658 dixi:
1467 2599 1469 2601 ’

293 2701 375 2784 „quo
406 2702 513 2782 modo,
547 2705 682 2784 inquam,
718 2703 862 2766 domine?
906 2704 973 2766 Non
1005 2702 1168 2784 intelligof‘
1214 2700 1419 2779 „Quoniam‚“

235 2830 238 2841 ¹
291 2808 403 2888 inquit,
436 2810 517 2887 „eis‚
548 2824 624 2889 quos
648 2795 720 2875 Filio
744 2825 799 2870 suo
823 2806 958 2888 tradidit,
984 2802 1074 2894 Filius
1097 2808 1175 2888 ejus
1186 2806 1306 2868 nuntios
1321 2822 1421 2896 prae-

235 2946 248 2983 η
290 2912 392 2994 posuit
421 2912 457 2974 ad
490 2911 715 2976 conservandos
746 2911 898 2993 singulos3
927 2896 996 2993 ipse
1026 2919 1124 2974 autem
1153 2910 1309 2990 plurimum
1332 2907 1421 2969 labo-

290 3017 408 3095 ravit,
418 3015 636 3097 plurimumque
665 3031 827 3096 perpessus
859 3022 920 3095 est,
950 3023 983 3078 ut
1011 3014 1145 3078 aboleret
1174 3015 1279 3108 delicta
1309 3030 1421 3074 eorum.

290 3119 379 3183 Nulla
408 3121 485 3182 enim
515 3121 603 3182 vinea
633 3126 731 3202 potest
762 3119 840 3183 lodi
853 3121 920 3183 sine
949 3121 1053 3182 labore
1083 3138 1119 3181 ao
1148 3117 1262 3181 dolore.
1308 3116 1421 3179 Deletis

288 3225 397 3308 igitur
404 3224 534 3305 pe'ceatis
557 3225 658 3306 populi
680 3225 746 3303 sui,
777 3195 1010 3305 ipsffeisdem
1006 3223 1180 3287 monstravit
1202 3221 1308 3284 itinera
1331 3222 1420 3300 vitae,
1446 3297 1449 3302 V

289 3327 359 3391 data
391 3329 434 3390 eis
466 3329 553 3410 lege,
585 3347 676 3408 quam
693 3343 724 3390 a
753 3329 839 3392 Patre
869 3333 1034 3408 acceperat
1087 3324 1178 3388 Vides
1209 3327 1317 3410 igitur,
1351 3341 1421 3388 esse

288 3432 440 3495 dominum
463 3430 599 3557 populi,
616 3439 736 3523 aceepta
760 3453 776 3496 a
799 3434 885 3496 Patre
907 3450 964 3496 suo
988 3432 1067 3495 omni
1084 3436 1246 3513 potestate.
1292 3417 1422 3505 ²Ouare

288 3605 356 3662 nitas
371 3602 469 3657 Christi
502 3603 581 3668 Quam
594 3606 784 3681 seutentiamut
797 3613 839 3656 te·
867 3604 970 3672 quidem
989 3604 1056 3657 servi
1074 3602 1199 3670 habebat,
1225 3619 1315 3656 revera
1335 3579 1421 3655 autem

287 3702 414 3744 ueremus
421 3691 604 3767 praesertim
587 3706 634 3744 nos
650 3677 784 3744 moverunt
801 3695 840 3756 aa,
867 3707 958 3759 magua
986 3697 1115 3758 potestate
1143 3699 1199 3742 erat
1222 3698 1334 3741 ornatae.
1370 3686 1420 3755 lpsl

288 3793 357 3845 quae
376 3778 458 3844 eapite
474 3778 592 3861 sequenti
608 3777 640 3827 de
659 3769 841 3832 autumatione
868 3779 935 3829 enim
953 3777 1028 3828 Pater
1053 3792 1145 3828 omues
1152 3776 1320 3844 populos
1302 3788 1419 3851 omnem-

287 3866 514 3932 Spiritusanopti
527 3863 595 3914 diota
609 3862 767 3915 videbantur.
790 3861 840 3913 Sed
868 3879 919 3931 que
944 3870 1095 3930 potestatem
1119 3862 1231 3919 tradidit.
1267 3862 1317 3928 lpsi
1344 3859 1420 3910 etiam

259 3941 262 3944 ’
288 3949 409 4004 subtilior
433 3951 523 4018 eapitis
537 3946 678 4018 'sequentis
696 3948 840 4015 explanatio
868 3948 955 4016 angeli
984 3956 1041 4001 suut
1074 3947 1183 4010 subditi,
1200 4011 1202 4014 p
1220 3962 1284 4014 quos
1315 3945 1419 4013 singulis

288 4051 393 4088 omnem
402 4034 494 4088 nodum
505 4037 595 4090 solvet.
614 4034 664 4087 cfr.
676 4026 739 4086 infra
748 4052 772 4102 p.
781 4034 839 4087 388.
868 4035 1012 4088 hominibus
1024 4033 1181 4102 praeposuit.
1207 4031 1322 4098 Speciem
1335 4040 1419 4083 autem

287 4124 366 4176 noti
380 4132 405 4174 et
413 4128 527 4189 vomer,
537 4123 619 4175 Lehre
628 4138 679 4174 von
690 4121 735 4172 der
744 4122 840 4174 Person
868 4109 937 4173 servi
956 4138 1061 4190 maguus
1079 4120 1119 4171 hie
1137 4118 1187 4170 Dei
1214 4118 1280 4179 tilius
1298 4118 1356 4168 ideo
1375 4119 1418 4168 iu·

288 4209 396 4273 Christi,
410 4210 470 4262 edit.
478 4209 508 4261 ll.
519 4194 544 4277 p.
556 4209 701 4260 tos-200.
728 4207 840 4278 lditpen-
868 4209 997 4260 duendem
1016 4207 1126 4276 putavit,
1145 4214 1173 4256 ut
1190 4205 1306 4257 homines
1322 4221 1337 4255 a
1353 4201 1425 4271 pec-'

285 4298 359 4368 feld,
376 4295 426 4346 'die
444 4295 650 4362 apos'tol..Vtiter
668 4301 718 4344 eto.
737 4310 762 4360 p.
782 4295 840 4359 145.
869 4297 933 4347 catis
952 4277 1099 4353 attulerim
1118 4292 1247 4344 liberaret.
1334 4317 1337 4321 <

327 4382 356 4449 l)
375 4381 470 4436 Sensus
487 4389 541 4436 ests
563 4379 644 4434 ¹dilium
661 4379 713 4432 Dei
730 4381 841 4449 speeiem
904 4381 934 4448 2)
952 4380 1089 4450 Sequentia
1100 4379 1289 4433 fortassevarie
1301 4383 1419 4445 corrupta

1138 4467 1211 4537 25*
