3659 5209
345 561 374 616 S.
392 556 544 630 totilum]
784 556 1040 620 ruoiuuouun’lt.
1186 594 1189 601 -
1404 565 1479 619 ml

347 720 460 785 deinde
482 720 520 785 ad
541 720 702 790 Eusebium
725 720 754 783 in
777 721 880 803 specie
903 720 1024 798 attinet,
1052 719 1082 782 in
1106 721 1333 804 hieronymiana
1358 725 1479 805 quidem

350 826 493 889 Chronici
530 827 596 909 ejus
632 826 774 890 versione
810 842 891 888 mors
925 823 1030 906 ignatii
1067 826 1104 887 ad
1142 845 1249 890 annum
1288 825 1328 890 10
1359 829 1479 913 Trajani

353 928 416 1014 (z
444 919 503 994 107
526 949 554 1011 p.
578 927 667 1013 Ch),
699 931 845 1012 subjectio
877 935 976 991 antem
1000 927 1160 993 Armeniae
1188 927 1254 1015 (et,
1285 950 1339 1014 per
1365 952 1478 997 conse-

354 1036 518 1117 quentiam,
549 1036 620 1105 iter¹
640 1035 759 1116 'lrajuni
792 1033 973 1117 Asiaticum)
1005 1033 1042 1096 ad
1076 1052 1144 1097 anu.
1178 1033 1216 1099 15
1248 1037 1366 1118 Trajani
1396 1036 1479 1121 (lto

352 1157 382 1220 p.
401 1135 471 1222 Ch.)
493 1146 613 1202 notatur
627 1137 675 1223 ¹);
700 1139 754 1202 sed
777 1140 874 1203 nodus
896 1139 945 1202 hic
970 1139 1079 1220 duplici
1102 1139 1191 1202 modo
1215 1141 1349 1203 solvitur.
1386 1139 1426 1224 α)
1447 1143 1480 1205 ln

350 1244 483 1326 genuino
506 1243 630 1307 Eusebii
661 1248 762 1323 textu,
785 1246 878 1327 :cujus
908 1249 1044 1305 veterem
1074 1246 1243 1306 versionem
1274 1245 1480 1308 Armeniacum

348 1345 509 1410 Aucherus
533 1348 639 1426 edidit,
668 1367 707 1411 ne
730 1348 874 1431 syllabam
897 1348 1024 1430 legimus
1050 1347 1088 1410 de
1112 1349 1251 1412 Armenia
1275 1356 1305 1412 et
1327 1350 1442 1413 Parthis
1465 1368 1482 1410 a

349 1452 480 1534 Trajano
504 1455 653 1536 superatis
668 1450 794 1535 ²),1quo
817 1454 858 1533 iit,
881 1461 914 1516 ut
930 1452 1072 1516 Ublhomi
1095 1455 1315 1535 argumentatio
1339 1471 1399 1516 non
1426 1454 1483 1516 nisi

348 1556 518 1621 aduiteram
553 1565 634 1621 textu
668 1560 785 1628 nitatur.
829 1556 871 1643 β)
905 1559 1082 1638 Praeterea,
1116 1561 1142 1623 si
1175 1559 1330 1639 duplicem
1362 1560 1482 1642 'trajani

350 1662 575 1744 expeditionem
607 1662 813 1727 Armeniacum
847 1672 876 1726 et
906 1662 1067 1726 Parthicam
1100 1646 1231 1743 statuas,
1264 1665 1351 1726 etiam
1383 1669 1482 1726 textus

348 1767 486 1831 chronici
510 1768 617 1830 latinus
640 1787 694 1832 seu
717 1769 966 1851 Hieronymianus
997 1771 1069 1831 actis
1099 1771 1209 1832 nostris
1240 1788 1299 1832 non
1324 1774 1481 1851 repugnat.

349 1868 388 1954 c)
421 1873 558 1953 Denique
587 1878 658 1935 nota
690 1874 745 1936 ista
776 1873 992 1955 chronologica
1024 1875 1053 1935 in
1084 1874 1232 1937 Chronico
1261 1874 1392 1956 paschali
1425 1891 1482 1936 seu

348 1976 557 2038 Alexandrino
578 1978 638 2058 jam
662 1977 731 2059 ideo
754 1978 838 2040 lirruo
862 1982 1039 2058 argumento
1071 1995 1139 2040 esse
1171 1996 1233 2040 non
1262 1984 1377 2058 potest,
1412 1979 1481 2059 quia

348 2082 382 2145 in
408 2079 582 2162 capitatio
606 2087 742 2148 actorum
764 2086 934 2150 nostrorum
953 2079 1049 2141 locus
1080 2079 1117 2141 de
1146 2100 1231 2143 nouo
1254 2083 1372 2163 'trajani
1402 2100 1480 2145 anno

350 2201 450 2264 agens
469 2185 532 2265 jam
555 2184 681 2272 antiquis
705 2185 889 2266 temporibus
912 2184 1071 2246 lectionum
1093 2187 1237 2247 varietate
1262 2205 1323 2250 non
1346 2190 1479 2251 caruisse

350 2288 473 2351 videtur
497 2285 671 2370 (cir.*-inira
693 2297 758 2352 acta
781 2290 912 2372 martyrii
935 2289 964 2354 S.
989 2288 1143 2370 ignatiip.
1169 2285 1263 2373 ato).
1395 2283 1397 2289 ’

344 2452 350 2459 ,
443 2389 483 2476 3)
508 2392 674 2456 Uhlhornus
699 2396 816 2456 maximi
835 2395 870 2481 id¹
884 2394 965 2473 iecit,
989 2394 1068 2475 quod
1085 2395 1231 2477 Trajanus
1247 2413 1307 2457 non
1323 2415 1405 2458 nouo
1423 2397 1482 2457 im·

348 2497 429 2580 perii
452 2499 499 2560 sui
521 2516 610 2578 auno,
634 2489 753 2563 ut'actu
776 2504 875 2563 nostra
899 2519 924 2562 c.
948 2500 969 2564 2
992 2500 1093 2562 dicunt
1116 2496 1177 2582 (z
1204 2497 1302 2581 106),
1326 2499 1381 2561 sed
1404 2516 1482 2562 anno

352 2601 472 2664 demum
498 2599 559 2675 114
582 2622 610 2684 p.
635 2603 685 2666 Oh.
709 2603 895 2679 Antiochiam
918 2606 1035 2666 venerit
1058 2600 1131 2686 (cir.
1155 2622 1246 2684 supra
1269 2624 1297 2688 p.
1322 2603 1386 2666 XLl
1409 2599 1484 2686 sq.).

351 2706 414 2771 Sed
437 2704 477 2789 α)
501 2709 636 2787 quaestio
660 2708 704 2770 de·
720 2726 798 2780 anno
821 2706 924 2779 mortis
942 2709 971 2773 S.
987 2709 1091 2790 Ignatii
1115 2706 1245 2770 nondum
1268 2709 1357 2789 plane
1380 2707 1480 2770 decisa

352 2818 412 2889 est,
439 2810 532 2894 οι-β)
555 2813 639 2877 locus
663 2819 794 2887 actorum
818 2830 842 2877 c.
865 2814 897 2894 -2,
921 2832 981 2898 quo
1005 2809 1044 2877 cd
1066 2806 1189 2876 ἔννατον
1210 2805 1283 2884 ἔτος
1304 2814 1480 2890 nominatur,

352 2917 519 2997 suspicioni
542 2914 740 2999 corruptionis
763 2919 905 3001 subjacet.
951 2908 1043 2981 vetus
1061 2919 1208 3000 interpres
1226 2917 1335 2980 latinus
1359 2915 1481 2979 exhibet

351 3028 468 3102 quarto
492 3034 586 3097 anuo,
611 3028 640 3084 et
664 3020 789 3087 Grabius
812 3004 973 3106 legendum
997 3024 1109 3104 putavit
1135 3016 1255 3104 dorcium
1277 3015 1393 3102 ἒννᾶτῳ
1415 3013 1481 3083 ε”τει

354 3148 409 3182 =-
423 3123 485 3190 116
508 3116 536 3207 p
560 3126 645 3206 Chr,
677 3145 735 3208 qua
759 3130 947 3212 correctione
970 3128 1083 3199 nodus,
1098 3127 1210 3208 absque
1235 3125 1376 3209 graviore
1398 3124 1480 3188 diiii-

353 3231 464 3294 cultate
487 3231 621 3293 solvitur.
1392 3223 1395 3228 ’

446 3334 591 3397 Ceterum·
606 3353 667 3398 non
690 3354 817 3419 negem,
849 3337 1031 3420 argumentis
1059 3336 1116 3399 illis
1146 3336 1323 3399 authentiam
1346 3342 1480 3398 actorum

353 3439 568 3521 aliquantutum
590 3448 758 3522 suspectam
779 3441 882 3520 reddi,
912 3440 967 3505 sed
996 3441 1074 3503 inter
1103 3441 1280 3504 authentiam
1311 3446 1481 3522 suspectam

354 3552 387 3607 et
417 3546 611 3621 certissimam
639 3540 771 3608 νοθείαν
799 3547 955 3628 plurimum
982 3546 1117 3609 interest.
1161 3545 1329 3608 Addamus:
1361 3541 1397 3624 a)
1421 3562 1481 3605 ex·

356 3649 532 3731 captiones,
571 3667 648 3730 quae
684 3651 829 3714 adversus
866 3650 1030 3715 Romanum
1066 3651 1171 3732 ignatii
1213 3650 1270 3711 iter
1306 3649 1482 3729 itinerisque

356 3753 505 3837 rationem
527 3760 596 3816 suut
617 3754 760 3835 prolatae,
783 3755 881 3819 lutilos
903 3761 982 3834 sunt,
1006 3753 1085 3837 quod
1097 3755 1158 3836 jhm
1174 3772 1214 3814 err
1231 3753 1277 3832 iis,
1300 3770 1376 3836 quae
1391 3762 1482 3833 supra

356 3876 387 3938 p.
410 3855 502 3919 XLlX
523 3873 567 3938 sq.
591 3858 628 3920 ad
650 3860 707 3922 iter
729 3859 787 3923 hoc
810 3859 1030 3924 defendendum
1051 3858 1238 3942 protulimus,
1260 3857 1392 3941 adparet.

396 4044 425 4115 1)
451 4048 564 4102 uacuo
592 4044 750 4114 chronicon,
786 4050 822 4101 in.
842 4046 906 4115 Opp.
969 4048 1000 4116 2)
1024 4049 1137 4102 limetia'
1160 4045 1303 4098 chronicon
1329 4042 1483 4110 bipartitum,

357 4132 386 4186 S.
405 4137 512 4188 Hieron.
532 4132 571 4184 ed.
584 4136 679 4203 Illique,
699 4132 726 4187 T.
740 4133 805 4185 Vlll.
819 4152 844 4202 p.
857 4135 907 4186 607
936 4149 1013 4202 opera
1034 4131 1061 4184 Ρ.
1080 4136 1124 4187 Jo.
1138 4133 1213 4202 Bupt.
1226 4136 1330 4186 Auchcr
1347 4122 1483 4188 Ancyraui,

358 4228 386 4273 ⁰²
405 4219 474 4283 6¹⁰3
496 4227 523 4272 tl
539 4218 606 4287 opud
625 4204 756 4290 Scaliger,
776 4220 908 4272 thesaurus
936 4219 1052 4271 monachi
1070 4219 1167 4270 armeni
1185 4226 1212 4268 et
1230 4215 1342 4269 doctoris
1359 4208 1483 4260 mechita-

357 4315 518 4374 temporum,
544 4322 570 4372 p.
592 4305 640 4355 165
666 4307 729 4370 (nou
748 4321 773 4372 p.
794 4305 858 4370 195,
882 4313 909 4357 ut
935 4308 1020 4359 riatae.
1051 4302 1234 4356 Venet'lsslti.
1255 4302 1282 4355 Τ.
1303 4300 1332 4353 ll.
1351 4313 1376 4364 p.
1389 4294 1449 4346 281.

357 4392 427 4464 apud
440 4388 596 4444 Uhlhornuui
608 4389 625 4442 l.
633 4386 658 4443 c.
671 4405 696 4460 p.
709 4389 761 4444 259
777 4389 908 4460 legimur).

412 4496 480 4538 rma·
493 4500 557 4547 apost.
572 4493 610 4536 Ed·
624 4494 659 4536 tv.
1253 4475 1278 4538 E
