3659 5209
556 503 693 558 aununu
712 504 845 561 PASTOR.
881 506 979 562 blell
997 507 1015 561 1.
1052 509 1199 585 1118101Π.
1375 516 1439 583 335

329 680 425 728 rram
448 664 569 746 vadunt,
593 673 624 731 et
641 687 701 732 nou
722 676 790 735 sunt
812 665 924 751 'politi
948 671 1015 734 illos
1032 672 1113 736 Deus
1128 674 1274 756 probavit,
1299 675 1438 757 quoniam

329 772 445 854 gressi
468 778 537 836 sunt
559 774 589 836 in
612 771 813 855 ²aequimtem
830 764 958 857 Domini,
982 786 1012 841 et
1035 778 1208 845 direxerunt
1226 781 1289 844 vias
1305 782 1334 845 in
1351 803 1438 846 man·

329 878 390 945 ‚tis
414 878 489 961 ejus.
524 880 693 953 Quiautem
709 880 893 962 adferuntur,
917 888 945 946 et
961 892 1110 966 ponuntur
1126 885 1155 948 in
1170 894 1319 950 structura
1337 890 1437 968 turris,

343 990 425 1044 sunt
447 983 556 1046 novelli
580 985 608 1047 in
631 985 704 1064 fide,
728 993 757 1048 et
780 985 894 1050 fideles.
942 987 1175 1055 Commonentur
1198 998 1295 1053 autem
1319 993 1355 1055 ab
1378 1012 1435 1055 an-

329 1086 391 1149 alis
415 1087 451 1149 ad
476 1089 730 1171 benefaciendum,
754 1100 914 1174 propterea
935 1093 1015 1174 quod
1031 1113 1091 1157 non
1109 1103 1154 1159 est
1169 1097 1289 1159 inventa
1306 1097 1437 1179 nequitia

371 1192 457 1254 illis.“
506 1196 610 1274 „Quos
640 1203 736 1258 autem
764 1197 940 1280 rejiciebant
968 1207 1000 1260 et
1029 1181 1180 1282 ponebant
1207 1202 1293 1284 juxta
1322 1203 1435 1281 turrim,

329 1299 362 1383 ri
385 1307 455 1362 sunt
478 1301 562 1363 illi?“
601 1301 651 1364 Ait
665 1304 749 1365 mibi:
776 1304 815 1382 „ii
831 1310 907 1383 sunt,
931 1304 980 1385 qui
997 1313 1207 1386 peccaverunt,
1232 1314 1261 1368 et
1276 1305 1437 1368 voluerunt

329 1406 522 1470 senitentiam
546 1426 655 1488 agere;
678 1416 801 1489 propter
824 1409 881 1472 hoc
904 1392 965 1472 non
984 1417 1053 1471 sunt
1068 1411 1159 1493 longe
1175 1411 1301 1493 projecti
1318 1430 1333 1473 a
1351 1411 1435 1489 turri,

329 1510 452 1571 uoniam
477 1512 563 1573 utiles
587 1519 673 1575 erunt
696 1515 725 1576 in
748 1521 907 1594 structura,
931 1515 956 1577 si
979 1516 1189 1597 poenitentiam
1213 1517 1338 1599 egerint.
1378 1515 1435 1590 Oui

329 1632 387 1697 {po
410 1616 622 1696 poenitentiam
646 1620 739 1680 acturi
761 1626 847 1699 sunt,
881 1620 905 1681 si
935 1621 1053 1702 egerint
1074 1622 1304 1702 poenitentiam,
1338 1619 1433 1682 lortes

329 1725 399 1781 *unt
414 1720 443 1780 in
459 1717 528 1798 fide,
553 1722 579 1782 si
594 1740 673 1783 nero
689 1724 898 1803 poenitentiam
916 1725 1042 1807 egerint,
1064 1723 1132 1788 dum
1148 1725 1320 1788 aedificatur
1335 1725 1434 1786 turris.

329 1820 408 1885 Nam
431 1825 457 1886 si
480 1825 790 1895 consummataluerit
805 1834 964 1906 structura,
984 1830 1045 1910 jam
1062 1830 1128 1908 quis
1145 1848 1205 1891 non
1221 1829 1310 1890 babet
1324 1828 1434 1905 locum,

329 1929 373 1991 ni·
383 1936 520 2010 ponatur,
544 1931 597 1994 sed
621 1932 677 1994 erit
699 1933 846 2013 reprobus
854 1953 864 2008 ;
888 1932 1075 1997 solummodo
1091 1940 1187 1996 autem
1208 1930 1290 1996 ⁴boc
1305 1932 1433 2010 habebit,

329 2033 440 2117 !ijam
464 2035 499 2098 ad
524 2037 625 2098 turrim
649 2037 763 2118 positus
787 2036 863 2098 est.“

342 2190 352 2203 ,
397 2139 444 2203 Vl.
470 2141 547 2220 ,Qui
563 2147 659 2204 autem
674 2140 892 2219 recidebantur,
909 2147 940 2202 et
954 2140 1045 2224 longe
1061 2142 1294 2225 projiciebantur
1309 2160 1325 2202 a
1340 2147 1432 2218 turre,

329 2245 465 2323 ascire,
489 2247 539 2325 qui
564 2246 677 2308 sunt‘l“
719 2246 845 2325 „Volo‚“
871 2246 999 2326 inquam,
1024 2245 1191 2325 „domina.“
1233 2247 1275 2326 „ti
1296 2251 1363 2309 sunt
1382 2246 1432 2308 lilii

329 2349 488 2430 niquitatis,
514 2357 542 2412 ct
565 2353 615 2431 qui
638 2351 829 2414 crediderunt
851 2352 879 2413 in
903 2352 1107 2430 simulatione,
1131 2357 1160 2413 et
1183 2351 1278 2414 onrnis
1301 2351 1431 2430 nequitia

329 2466 371 2517 nn
393 2455 530 2517 discessit
553 2457 588 2518 ab
613 2457 663 2518 eis.
703 2457 829 2537 Propter
850 2457 908 2519 boo
929 2475 988 2519 non
1011 2456 1121 2523 habeut
1136 2457 1269 2534 salutem,
1293 2455 1431 2535 quoniam

329 2574 370 2623 nn
390 2568 458 2623 sunt
474 2561 560 2622 utiles
576 2562 605 2622 in
623 2567 780 2640 structura,
803 2566 925 2642 propter
942 2562 1086 2642 nequitias
1102 2578 1182 2625 suas.
1221 2557 1431 2641 ⁵Quapropter

329 2665 403 2727 moisi
425 2674 494 2728 sunt
518 2671 547 2728 et
569 2666 660 2748 longe
683 2667 809 2748 projecti
831 2646 955 2748 propter
975 2667 1049 2729 iram
1064 2667 1191 2745 Domini,
1215 2667 1281 2747 quia
1298 2683 1429 2726 exacer-

329 2779 454 2834 averunt
477 2791 552 2834 eum.
599 2773 741 2834 Caeteros
765 2778 864 2833 autem
883 2770 1015 2853 lapides,
1039 2789 1115 2853 quos
1138 2770 1235 2833 vidisti
1259 2769 1428 2850 complures

329 2876 431 2954 ositos,
455 2894 515 2939 non
540 2883 644 2959 euntes
662 2877 698 2940 ‚in
719 2864 906 2954 structuram,
929 2877 950 2939 ii
965 2877 1093 2958 quidem,
1116 2877 1166 2957 qui
1183 2874 1318 2938 scabrosi
1334 2880 1428 2951 erant,

329 2974 443 3058 isunt,
474 2982 524 3062 qui
553 2988 761 3064 cognoverunt
791 2982 962 3059 veritatem,
993 2988 1022 3043 et
1043 2999 1100 3044 nco
1124 2975 1376 3061 fipermanserunt
1399 2979 1427 3040 in

329 3096 359 3163 t,
383 3104 439 3148 nec
462 3087 610 3168 conjuncti
634 3093 701 3149 sunt
722 3088 850 3161 sanctis3
881 3093 1005 3167 propter
1027 3086 1085 3149 boc
1108 3085 1224 3149 inutiles
1248 3090 1323 3146 sunt.
1370 3083 1428 3157 Qui

329 3193 402 3253 utem
425 3191 570 3252 scissuras
594 3191 756 3270 habebant,
786 3190 814 3251 bi
837 3196 922 3268 sunt,
947 3191 997 3272 qui
1019 3191 1095 3254 alius
1118 3189 1263 3252 adversus
1287 3188 1374 3249 alium
1397 3188 1427 3248 in

329 3294 445 3359 ordibus
470 3295 646 3358 discordiam
668 3296 794 3372 habent,
823 3301 851 3357 et
874 3314 935 3358 non
957 3297 1067 3359 babent
1088 3316 1192 3379 paoem
1214 3297 1290 3357 inter
1315 3311 1365 3369 se;
1396 3293 1427 3355 in

329 3401 472 3463 mesentia
496 3401 615 3480 quidem
638 3420 742 3482 paoem
765 3401 927 3480 habentes,
959 3421 1049 3482 quum
1072 3408 1170 3464 autem
1196 3417 1273 3464 unus
1302 3399 1338 3461 ab
1368 3397 1426 3460 alio

330 3507 487 3585 scesserit,
510 3507 640 3588 nequitia
663 3524 766 3568 eorum
781 3507 810 3568 in
828 3507 967 3571 cordibus
982 3515 1143 3589 permanet.
1187 3507 1249 3570 Hae
1264 3512 1333 3568 sunt
1349 3521 1425 3586 ergo

329 3613 470 3690 lesurae,
502 3626 575 3691 quas
606 3611 715 3673 habent-
743 3611 865 3692 lapides.
911 3613 969 3687 Oui
996 3630 1068 3675 vero
1092 3612 1167 3674 curti
1189 3617 1274 3690 sunt,
1304 3611 1324 3672 ii
1347 3616 1425 3688 sunt,

331 3749 365 3813 1)
384 3747 403 3798 1.
418 3764 441 3799 e.
462 3751 506 3817 poi
523 3764 571 3801 noc
590 3750 712 3817 apostoli,
731 3752 850 3818 episcopi
910 3749 939 3816 4)
959 3748 982 3800 ls
1001 3755 1097 3800 tantum
1116 3749 1199 3800 locum
1217 3746 1322 3798 babebit
1339 3746 1363 3796 in
1377 3761 1424 3795 co·

329 3852 369 3900 a,
396 3851 445 3887 nec
468 3845 599 3904 martyreo
622 3846 702 3900 cont3
727 3835 753 3887 bi
773 3837 848 3902 enim,
876 3834 970 3900 alesia,
1001 3838 1057 3903 qui,
1085 3836 1143 3887 dum
1171 3836 1243 3887 turris
1270 3832 1424 3896 aedificatur,

329 3938 363 3975 ae
382 3923 475 3973 ceteris
494 3923 608 3991 egregii,
626 3921 697 3989 politi
716 3931 780 3974 sunt.
875 3924 1054 3991 poeaitentiam
1073 3924 1134 3988 agit.

329 4010 365 4078 2)
385 4011 507 4077 Aequitas
522 4032 556 4056 =
573 4006 699 4070 δικαίωμα,
717 4026 847 4079 praecop—
901 4009 938 4074 ’5)
969 4009 1018 4072 Qui
1054 4008 1129 4081 tidem
1164 4015 1261 4057 tantum
1296 4003 1422 4069 simulant,

329 4115 371 4162 m,
390 4096 435 4147 cir.
449 4095 495 4164 Ep.
510 4094 584 4146 Bam.
598 4083 620 4147 o.
634 4096 657 4146 2.
676 4112 701 4162 p.
716 4095 740 4147 3.
756 4105 808 4147 not.
823 4096 847 4147 5.
875 4095 1043 4147 excludentur
1072 4094 1104 4146 ab
1134 4093 1259 4157 ecclesia,
1289 4108 1353 4160 quaa
1383 4099 1422 4142 est

329 4185 364 4252 3)
383 4182 600 4246 Hermesdocct,
624 4190 693 4233 extra
713 4181 847 4234 ecclesiam
875 4193 976 4236 annoto.
1014 4179 1064 4232 Gir.
1082 4186 1175 4245 norm,
1195 4177 1252 4230 unc.
1271 4196 1296 4246 p.
1315 4178 1373 4229 600.

329 4286 427 4324 nesse
446 4270 560 4322 salutem.
597 4267 846 4336 coeptorum.
909 4268 937 4333 6)
956 4268 1062 4320 Hermas
1088 4270 1119 4320 de
1143 4267 1278 4320 haereticis
1303 4265 1420 4354 loquitur.
1500 4260 1502 4263 ’

340 4359 376 4412 57
396 4366 422 4409 et
440 4361 532 4423 Rotbe,
551 4354 609 4410 dni.
628 4373 653 4425 p.
673 4357 724 4409 579
742 4373 781 4424 aq.
875 4352 926 4410 Cir.
945 4370 1022 4423 supra
1039 4364 1092 4410 not.
1110 4355 1135 4408 3.

1395 4554 1552 4743 ιι
