3659 5209
710 532 866 587 EPlS'l‘OLA
885 533 929 586 ΑΙ)
950 482 1149 586 DIOGNEl'Udl.
1168 532 1198 586 ll.
1451 537 1516 602 299

346 688 363 785 'f
388 697 491 777 ltomo,
515 715 581 760 cum
605 700 634 758 et
658 695 812 757 doctrinae
834 713 942 775 novae,
966 694 1128 776 sicutipse
1152 692 1311 758 confessus
1333 712 1376 777 es,
1400 695 1517 761 auditor

333 794 359 887 ‘ll
389 803 468 879 eris;
498 820 559 866 non
582 801 678 863 solum
702 801 814 879 ocutis,
845 798 953 868 sedet
976 805 1073 860 mente
1101 797 1311 882 ¹conspicias,
1344 804 1429 884 cujus
1458 805 1517 865 sint

329 902 365 987 ‘l
388 907 574 970 substantiae
598 912 648 969 aut
670 907 757 987 cujus
780 904 894 967 formae
916 904 973 982 illi,
1004 922 1080 984 quos
1106 906 1220 966 vocatis
1251 911 1281 967 et
1303 907 1409 987 putatis
1433 907 1516 971 deos.

329 990 365 1067 [n-
386 1012 497 1076 Nonne
521 1012 569 1074 hic
591 1012 667 1092 lapis
691 1017 754 1090 est,
779 1011 821 1089 ei,
845 1011 895 1090 qui
920 1009 1066 1087 calcatur,
1090 1009 1211 1086 similis;
1235 1011 1310 1073 alius
1333 1019 1430 1074 autom
1453 1030 1516 1092 aes,

329 1115 363 1173 ΗΞ
386 1117 481 1179 nihilo
505 1116 621 1196 melius,
644 1134 731 1197 quam
755 1133 831 1196 quae
854 1115 883 1176 in
907 1133 993 1176 usum
1016 1121 1150 1178 nostrum
1171 1115 1312 1179 fabricata
1335 1123 1404 1179 sunt
1426 1135 1497 1179 vasa
1505 1138 1515 1194 3

329 1198 362 1313 J
386 1222 465 1285 alius
489 1220 617 1304 lignum,
648 1220 819 1300 etquidem
840 1221 901 1301 jam
925 1219 1071 1300 putridum
1080 1240 1089 1295 ;
1119 1220 1194 1282 alius
1224 1228 1322 1284 autern
1351 1227 1516 1304 argentum,

329 1306 358 1387 'lt-¹
385 1327 437 1390 cui
461 1344 537 1408 opus
561 1333 607 1389 est
629 1325 765 1404 custode,
788 1343 826 1387 ne
850 1324 929 1387 turto
953 1325 1120 1402 auferatur3
1144 1326 1218 1388 alins
1235 1326 1356 1405 ferrum,
1379 1327 1517 1410 rubigine

329 1412 354 1485 =l
384 1438 579 1512 corruptum;
612 1431 688 1494 alius
719 1436 810 1510 testa,
842 1429 934 1492 nihilo
966 1431 1165 1511 praestantior
1197 1449 1247 1511 ea,
1282 1450 1359 1512 quae
1392 1431 1427 1494 ad
1459 1433 1516 1494 ab·

329 1540 351 1583 ⁸
378 1537 582 1621 jectissimum
598 1536 791 1598 ministerium
808 1534 883 1597 iacta
901 1535 972 1598 est?
1016 1535 1315 1599 Nonueexmateria
1333 1538 1516 1618 corruptioni

329 1632 350 1705 'lt
383 1641 520 1705 obnoxia
543 1647 612 1702 sunt
634 1639 709 1702 haec
732 1640 855 1702 omnia?
899 1640 1008 1703 Nonne
1026 1640 1098 1703 terri
1118 1649 1148 1704 et
1168 1642 1245 1723 ignis
1268 1660 1326 1723 ope
1348 1641 1515 1705 fabricata?

329 1758 346 1813 p
381 1745 496 1809 Nonne
520 1745 588 1807 illud
612 1745 745 1826 sculptor
767 1743 913 1824 lapidum,
943 1746 1000 1808 troc
1024 1745 1108 1808 taber
1135 1748 1286 1825 aerarius,
1319 1746 1378 1809 hoc
1401 1765 1516 1828 argen-

329 1865 344 1923 μ
384 1851 483 1912 tarius
519 1848 621 1929 taber,
656 1850 714 1912 hoc
748 1848 857 1931 [igulus
890 1850 999 1912 tinxit?
1043 1850 1167 1929 Nonne,
1205 1854 1375 1933 priusquam
1410 1852 1517 1915 horum

329 1970 342 2009 Ι
381 1954 531 2017 artificum
547 1955 660 2016 artibus
676 1955 706 2015 in
723 1953 834 2018 formas
857 1955 973 2018 illorum
988 1955 1119 2019 Deorum
1135 1957 1359 2043 effingerentur,
1378 1955 1515 2041 ²singula

329 2056 337 2113 l
381 2080 403 2124 a
437 2060 563 2142 singulis
594 2060 767 2138 artificibus,
800 2057 857 2122 ³td
889 2059 970 2141 quod
1001 2060 1172 2137 adhuclit,
1205 2060 1515 2126 transformabuntur?

329 2160 338 2221 l
380 2160 518 2244 Nonne,
542 2182 619 2245 quae
641 2184 721 2228 nunc
744 2164 847 2227 eadem
872 2184 888 2227 e
911 2166 1031 2227 materia
1054 2171 1122 2227 sunt
1146 2183 1234 2243 vasa,
1261 2165 1366 2227 similia
1391 2164 1435 2229 liis
1460 2168 1515 2229 diis

329 2268 336 2327 i
380 2268 475 2332 reddi
497 2277 631 2351 possent,
654 2271 680 2332 si
705 2268 826 2332 eosdem
849 2269 977 2332 artifices
1001 2270 1271 2331 nanciscerentur?
1314 2270 1421 2333 Nonne
1442 2272 1516 2334 haec

329 2394 334 2433 r
378 2374 505 2452 omnia,
539 2391 615 2454 quae
646 2393 663 2435 a
694 2375 779 2436 vobis
810 2375 988 2453 adorantur,
1021 2382 1146 2456 possent
1176 2375 1212 2436 ab
1244 2375 1411 2436 hominibus
1442 2393 1515 2437 vasa

379 2497 506 2543 rursum
522 2479 597 2558 lieri,
615 2477 761 2559 ⁴reliquis
777 2480 906 2542 similia?
939 2480 1046 2542 Nonne
1063 2479 1151 2542 surda
1168 2484 1237 2542 sunt
1253 2480 1375 2542 omnia?
1407 2479 1514 2541 Nonne

381 2584 506 2648 caeca?
543 2583 818 2646 Nonneinanima?
851 2584 959 2647 Nonne
976 2601 1083 2646 sensus
1100 2587 1194 2646 omnis
1214 2583 1374 2665 expertia?
1408 2582 1516 2645 Nonne

382 2688 575 2752 immobilia?
619 2689 728 2751 Nonne
752 2689 848 2751 omnia
871 2688 1070 2770 putrescunt?
1114 2689 1223 2752 Nonne
1255 2690 1352 2752 omnia
1375 2706 1515 2751 corrum-

382 2794 527 2878 puntur?
570 2795 651 2856 llaec
674 2793 748 2856 deos
772 2794 902 2874 vocatis,
934 2794 980 2856 lris
1009 2794 1144 2872 servitis,
1176 2793 1249 2856 lraec
1276 2794 1425 2868 adoratis3
1458 2788 1516 2855 ⁵et

373 2899 512 2962 -omnino
536 2899 647 2961 similes
670 2898 734 2960 istis
758 2897 922 2961 reddimini.
968 2898 1083 2961 idcirco
1104 2898 1208 2961 odistis
1229 2897 1423 2976 Christianos,
1448 2897 1515 2977 quia

382 3003 448 3067 hos
472 3019 540 3065 esse
564 3001 636 3066 deos
660 3022 720 3067 non
745 3005 932 3066 arbitrantur.
978 3003 1039 3067 Vos
1059 3008 1166 3082 autem,
1190 3004 1239 3084 qui
1262 3003 1329 3066 illos
1350 3022 1420 3065 esse
1440 3003 1515 3065 deos

381 3126 472 3173 nunc
504 3109 611 3190 putatis
645 3115 675 3171 et
706 3110 897 3188 existimatis,
935 3126 1035 3171 nonne
1073 3108 1164 3171 multo
1200 3109 1314 3190 magis,
1355 3128 1440 3189 quam
1476 3108 1516 3170 illi

384 3209 588 3296 (Christiani)
612 3231 665 3276 eos
697 3215 856 3277 contemtui
888 3214 1027 3276 habetis?
1071 3215 1179 3277 Nonne
1211 3214 1302 3276 multo
1332 3216 1427 3297 magis
1458 3231 1513 3277 eos

383 3318 521 3383 irridetis
545 3326 575 3380 et
597 3320 703 3402 injuria
726 3321 861 3398 allicitis,
894 3319 963 3382 dum
993 3318 1126 3400 lapideos
1153 3318 1272 3400 quidem
1307 3327 1337 3381 et
1366 3326 1515 3383 testaceos

384 3418 904 3504 stne⁶cus10unusveneramini,
931 3430 1092 3508 argenteos
1116 3431 1215 3487 autem
1239 3433 1268 3487 et
1291 3443 1401 3488 aureos
1426 3431 1516 3487 nocte

383 3596 468 3650 habet
485 3594 565 3646 τέλεόν
583 3615 611 3646 τε
627 3597 642 3628 *
659 3595 826 3661 ἓξομοιοῦοθε,
852 3606 878 3649 et
896 3598 937 3649 la·
965 3587 1121 3664 praesentari
1132 3598 1313 3663 putatir3aicut
1323 3597 1515 3662 carnotenae.
1586 3620 1593 3627 ·

385 3700 457 3737 euna
475 3684 530 3750 ejus
549 3687 574 3735 in
594 3685 740 3753 apographo
760 3683 864 3737 Beureri
890 3701 938 3737 ex·
1001 3684 1030 3748 6)
1058 3680 1216 3747 :aporema
1265 3683 1407 3751 Stephanus
1445 3685 1516 3735 dedit

384 3772 671 3841 pletaestpronomiue
683 3767 778 3826 adroic.-
798 3782 822 3825 et
834 3775 939 3825 amitino
966 3766 1124 3835 tripodantem,
1145 3786 1253 3838 eamque
1272 3770 1407 3822 lectionem
1427 3786 1515 3823 omnes

385 3861 495 3914 sinaites
531 3861 595 3912 istis
632 3861 780 3911 reddr'ma'ni.
835 3855 939 3923 Bdlrlius
967 3857 1077 3909 editores
1095 3859 1259 3909 retinuerunt.
1291 3856 1340 3908 Sed
1360 3871 1461 3920 vereor,
1482 3873 1515 3908 ne

385 3943 558 4007 ἐξομοιοῦσθαι
582 3947 664 3996 activa
689 3943 873 4011 significatione
892 3961 939 3996 ac·
967 3944 1010 3995 ille
1035 3943 1063 3995 V.
1089 3942 1120 3994 l).
1146 3944 1172 3993 in
1199 3942 1274 4009 culpa
1301 3946 1348 4007 sit,
1375 3957 1426 3993 non
1456 3943 1514 3994 cod.

388 4032 468 4100 cipit,
494 4038 521 4081 et
538 4030 652 4081 lacunam
671 4039 713 4080 aut
731 4029 817 4080 verbis
838 4034 873 4096 τῷ
890 4034 940 4079 τῶν
966 4039 1044 4083 metus
1058 4045 1180 4098 quousus
1196 4037 1243 4080 est.
1271 4028 1348 4081 Certe
1366 4030 1515 4095 scripturam

386 4117 454 4168 ὅλων
485 4116 539 4183 Θεῷ
575 4116 673 4184 explet:
710 4120 864 4185 omninoque
892 4121 940 4171 itta
966 4118 1074 4169 anobis
1092 4124 1220 4183 receptam
1240 4119 1360 4184 (eamque
1379 4131 1429 4168 uon
1449 4130 1514 4165 con-

381 4205 448 4260 =Deo
534 4207 665 4273 aequatio,
684 4211 727 4255 aut
744 4204 830 4255 verbis
848 4200 941 4260 τούτοις
967 4205 1142 4272 temnendam)
1160 4201 1381 4271 praebetBeureri
1402 4217 1514 4270 apogra-

355 4302 361 4310 ·
386 4289 420 4343 τὸ
439 4293 523 4345 eaor:
543 4294 697 4361 omrrtnoquc
708 4294 827 4345 divinum
844 4308 941 4345 namen
966 4292 1044 4360 phun,
1064 4290 1231 4359 eamdemque
1250 4292 1306 4344 cod.
1320 4292 1456 4365 Argentor.
1470 4289 1513 4340 iu·

385 4382 437 4443 nte
450 4381 538 4441 tinette
548 4382 669 4451 redditio,
688 4380 705 4432 i.
719 4394 743 4434 e.
756 4378 794 4431 liis
807 4378 882 4431 rebus
894 4394 940 4431 re·
967 4378 1043 4436 dicat.
1070 4381 1150 4437 Orno.
