3659 5209
507 396 646 452 multata
663 396 798 453 PASTOR.
833 398 930 455 LIBER
947 399 977 453 ll.
1006 401 1162 457 usuum.
1180 403 1211 458 X.
1354 407 1417 473 367

292 563 328 623 et
350 559 518 624 actionibus
540 561 637 625 multis
660 561 844 643 inciderunt,
876 571 906 628 et
929 575 1113 631 evacuantur
1133 586 1263 633 asensu
1286 586 1359 649 suo,
1389 577 1419 635 et

263 664 369 730 'nihil
393 666 513 730 omnino
535 667 718 751 intelligunt,
751 669 788 731 de
812 670 920 735 divitiis
944 672 1119 754 cogitantes.
1165 673 1223 739 Sed
1249 674 1418 755 siquando

290 771 445 834 audierint
468 770 665 852 deltomino,
689 792 796 837 sensns
820 792 923 838 eorum
949 775 1005 838 ¹in
1028 777 1157 859 negotiis
1184 778 1316 858 ipsorum
1341 786 1395 842 est.

243 899 246 904 ·
290 869 368 937 ²05
396 869 433 937 δὲ
463 866 568 960 φόβον
596 868 722 956 ἔχοντες
753 877 843 955 Θεοῦ,
871 876 957 954 ²Qui
994 886 1092 942 autem
1129 883 1264 945 timorem
1300 882 1428 947 Domini,

286 973 346 1041 καί
369 971 552 1066 ἐρευνῶντες
582 978 660 1068 περὶ
684 981 770 1047 Θεοῦ
791 976 843 1069 ἔρ-
869 983 995 1063 habent,
1029 991 1059 1046 et
1091 992 1260 1048 scrutantur
1290 986 1328 1048 de
1350 988 1416 1051 Dec

285 1105 355 1169 yon
376 1081 429 1147 καί
443 1074 604 1168 οίληθείας,
627 1082 680 1148 καί
697 1083 751 1172 την
767 1109 841 1171 καρ-
868 1089 1038 1168 veritatem,
1066 1090 1275 1171 cogitationem
1298 1108 1416 1154 omnem

287 1182 366 1252 δίαν
380 1182 503 1268 ἔχοντες
514 1182 596 1276 πρὸς
606 1181 723 1276 κύριον,
739 1179 843 1255 πάντα
868 1194 977 1257 habent
1009 1193 1047 1256 ad
1079 1194 1245 1258 Dominum.
1300 1195 1415 1276 Omnia,

287 1284 336 1357 τοί
381 1284 531 1377 λεγόμενα
573 1289 683 1369 αὐτοῖς
731 1293 842 1375 τάχιον
868 1317 945 1380 quae
961 1297 1098 1360 dicuntur
1113 1298 1166 1376 eis,
1185 1299 1416 1381 percipiunt-et

284 1394 403 1462 νοοῦσι
434 1393 488 1460 καί
517 1404 687 1477 συνιοῦσιν,
720 1390 771 1464 ὅτι
800 1404 964 1467 -statim
994 1401 1177 1483 intelligunt,
1207 1403 1275 1482 quia
1307 1404 1416 1471 habent

285 1494 350 1569 τόν
378 1491 484 1590 φόβον
512 1507 572 1566 τού
599 1502 684 1568 Θεοῦ
714 1496 842 1585 ἔχουσιν
868 1509 1003 1571 timorem
1016 1506 1134 1569 Domini
1146 1505 1176 1567 in
1188 1522 1232 1567 se.
1266 1506 1321 1570 Ubi
1336 1509 1414 1570 enim
1459 1546 1463 1552 -

285 1605 324 1674 ἐν
339 1603 475 1681 ἑαυτοῖς.
506 1598 612 1671 Ὅπου
626 1605 685 1696 γαρ
702 1598 721 1673 ὁ
736 1605 841 1696 κύριος
867 1610 1129 1692 Spiritus.D0mini
1151 1610 1302 1691 inhabitat,
1324 1612 1364 1675 ibi
1386 1618 1415 1675 et

282 1713 436 1792 κατοικεῖ,
451 1710 515 1779 ἐκεῖ
527 1709 580 1776 καὶ
592 1709 717 1788 σύνεσις
728 1712 839 1802 πολλή.
866 1733 973 1779 sensus
996 1715 1105 1778 multus
1128 1714 1306 1796 adjungitur.
1347 1715 1414 1779 Ad-

282 1808 476 1904 Κολληθηιι
498 1805 553 1882 ούν
574 1817 633 1883 τού
652 1801 766 1905 κυρίου,
789 1815 840 1882 καί
862 1821 959 1902 junge
975 1836 1051 1900 ergo
1067 1818 1235 1901 teDominc
1245 1839 1254 1895 ;
1272 1826 1302 1882 et
1316 1821 1414 1884 omnia

281 1913 418 1986 πάντων
438 1915 571 2010 νοήσεις.
865 1922 1015 2002 intelliges
1038 1940 1074 1984 ae
1095 1922 1237 1984 senties.“
1320 1916 1324 1922 ’

334 2015 471 2091 8Ἀιουε
486 2010 549 2106 οὖν,
566 2033 637 2100 παῖς
652 2015 672 2111 ἡ
689 2017 776 2111 λύπη
790 2021 839 2088 ἐκ-
907 2025 954 2086 ΙΠ.
992 2022 1006 2062 ³
1022 2023 1120 2105 ,Audi
1143 2043 1238 2103 nunc,
1260 2023 1413 2108 insipiens,

283 2123 457 2217 vellicanti
487 2131 629 2212 πνεύμα,
659 2127 713 2192 καί
741 2118 839 2192 πάλιν
865 2128 1112 2210 quemadmodum
1149 2128 1264 2190 tristitia
1300 2131 1413 2194 cruciat

282 2224 391 2313 σώζει
429 2228 521 2298 Ὅταν
548 2226 566 2299 ὁ
598 2231 741 2321 δίψυχος
765 2228 838 2299 ἐπι-
865 2233 1006 2315 Spiritum
1029 2239 1172 2311 sanetum,
1197 2239 1227 2295 et
1246 2250 1305 2313 quo
1323 2234 1412 2297 modo

281 2329 424 2424 βάληται
445 2335 568 2425 πρᾶξαί
593 2360 640 2414 τι,
672 2335 725 2401 καὶ
752 2327 836 2402 α’πο-
865 2338 978 2401 salvum
1002 2337 1080 2401 iacit.
1118 2337 1215 2411 Quum
1234 2336 1339 2399 dubius
1361 2339 1412 2399 in-

282 2438 367 2528 τύχη
388 2439 520 2528 δαίτην
548 2439 706 2528 διψυχίαυ
731 2437 838 2518 αὐτοῦ,
865 2442 970 2505 ciderit
991 2443 1021 2504 in
1043 2442 1195 2525 negotium
1218 2441 1354 2522 aliquod,
1383 2448 1413 2504 et

280 2537 305 2634 ἦ
338 2542 422 2631 λύπη
454 2538 662 2634 ἐκπορεύεται
699 2541 744 2618 εἷς
780 2538 837 2610 τόν
864 2565 924 2610 non
948 2548 1088 2628 provenit
1109 2547 1150 2609 illi
1172 2553 1297 2627 propter
1322 2547 1418 2609 dubi-

282 2641 837 2737 ἄνθρωπονκαίλυπεῖτύίπνεῦμα
864 2653 1021 2729 tationem3
1045 2634 1162 2715 tristitia
1179 2651 1253 2713 haec
1271 2652 1360 2713 intrat
1381 2653 1412 2713 in

281 2749 325 2820 τό
349 2750 448 2840 ἅγιον,
470 2751 521 2818 καί
539 2756 730 2842 στενοχωρεῖ
746 2743 836 2818 αύτό.
863 2756 1021 2835 hominem,
1046 2761 1076 2817 et
1098 2755 1211 2817 tristem
1229 2752 1299 2816 iacit
1314 2750 1327 2790 ⁴
1340 2752 1412 2833 Spi-

282 2847 370 2950 Είτα
391 2848 487 2923 πάλιν
508 2849 658 2939 ὀξυχολία
674 2857 750 2924 ὅταν
764 2855 836 2921 κολ
862 2861 949 2923 ritum
979 2865 1131 2938 sarnetum,
1164 2865 1194 2920 et
1219 2863 1311 2921 vexat
1333 2876 1409 2920 eum.

281 2961 374 3050 ληθῇ
393 2962 441 3047 τῷ
462 2952 626 3050 ἀνθρώπῳ
641 2959 717 3049 περὶ
733 2951 834 3050 πρύγ-
862 2963 978 3026 Deinde
1007 2965 1113 3026 iterum
1143 2962 1294 3025 iracundia
1321 2979 1411 3042 quum

281 3057 387 3150 ματύς
396 3090 493 3146 τινος,
509 3066 562 3132 καί
576 3065 647 3133 λίαν
664 3065 834 3153 πικρονθῇ,
862 3069 1028 3139 accesserit
1058 3067 1169 3130 homini
1201 3084 1256 3148 pro
1286 3065 1410 3149 negotio

281 3168 340 3236 καί
360 3161 478 3258 ποιίριη
498 3193 530 3236 τι
551 3167 661 3250 κακον,
694 3166 792 3239 ποίλιν
814 3159 834 3255 ἡ
862 3172 972 3253 aliquo,
995 3171 1189 3234 veliementer
1204 3168 1342 3238 irascitur
1348 3189 1358 3246 ;
1380 3173 1412 3230 et

281 3273 372 3361 λύπη
394 3267 615 3363 εἰσπορεύεται
629 3273 677 3350 είς
691 3272 746 3360 τήν
760 3297 834 3361 καρ-
861 3278 937 3339 haec
972 3277 1015 3338 ira
1049 3276 1137 3337 intrat
1167 3274 1198 3335 in
1231 3271 1410 3354 praecordia

282 3374 357 3443 δίαν
378 3378 440 3442 τού
460 3371 655 3466 οίνθριύπουΙ
670 3379 730 3444 τού
759 3370 834 3455 ὀξυ-
860 3379 1028 3458 irascentis,
1051 3384 1081 3440 et
1097 3384 1222 3441 vexatur
1237 3378 1267 3440 in
1284 3377 1409 3459 negotio

282 3479 490 3568 χολησαντος,
519 3481 572 3549 καί
601 3483 752 3567 λυπεῖται
778 3481 835 3548 ε’πί
861 3502 927 3564 suo,
950 3482 1032 3565 quod
1054 3482 1125 3564 agit,
1148 3487 1178 3544 et
1200 3489 1306 3564 postea
1329 3499 1409 3564 pce·
1503 3470 1505 3475 ’

283 3593 329 3674 τῇ
354 3583 471 3672 πράξει
499 3583 612 3666 αὐτοῦ,
641 3576 662 3676 ᾗ
688 3583 834 3675 ἔπραξεν,
861 3590 945 3668 uitet,
967 3587 1055 3668 quod
1070 3586 1146 3650 male
1169 3585 1283 3649 lecerit.

282 3687 336 3755 καὶ
357 3695 514 3772 μετανοεῖ,
536 3689 585 3756 ὅτι
607 3689 745 3780 πονηρόν
767 3689 833 3779 είρ-
1014 3762 1018 3777 Ι

282 3789 414 3880 ydram.
472 3792 564 3880 Αὕτη
605 3787 657 3861 οὖν
692 3793 712 3882 ἡ
749 3786 835 3883 λύπη
920 3820 923 3825 ·

321 3968 349 4035 1)
369 3966 439 4037 Ergo
464 3983 515 4019 non
539 3968 659 4035 audiunt,
687 3983 753 4037 quae
778 3969 836 4036 quis
892 3969 922 4032 4)
941 3965 1046 4019 llermas
1069 3980 1119 4017 non
1144 3964 1184 4017 de.
1199 3965 1273 4016 tertia
1297 3978 1407 4031 persona

283 4053 356 4115 torte
373 4053 406 4105 de
424 4052 480 4105 Deo
498 4053 629 4122 loquitur..
856 4051 905 4105 ·SS.
922 4053 1049 4107 Trinitatis
1066 4052 1186 4122 loquitur,
1203 4050 1254 4103 sed·
1267 4050 1300 4103 de
1318 4053 1407 4126 spiritu

320 4139 349 4204 2)
368 4137 408 4191 Er
418 4144 507 4194 uoco.
518 4143 552 4196 ad
562 4143 681 4196 Δολίοολ.
694 4141 711 4192 l.
722 4156 744 4192 c.
757 4140 832 4193 mil.
854 4140 957 4206 divino,
976 4139 1091 4192 fidelibus
1106 4137 1198 4190 inluso.

318 4223 348 4290 3)
367 4224 472 4278 lbidem.
