3659 5209
434 548 459 603 s.
478 545 660 604 romoanm
676 547 835 605 srrsrom
853 550 899 604 nn
918 550 1153 609 rutenenses.
1170 554 1201 609 n.
1219 555 1262 612 m.
1346 542 1417 626 259'

594 799 628 862 ll.
672 789 859 864 Adhortutio
883 801 927 863 ad
947 801 1101 865 uirtutem.

323 910 326 916 ’
380 919 539 1001 ¹Pro'pter
567 921 652 1003 quod
683 922 835 985 succincti
866 922 984 986 lumbos
1008 922 1155 988 ²vestros
1177 922 1319 988 ³seraite
1341 926 1410 994 Deo

281 1029 321 1090 in
345 1028 455 1090 timore
479 1034 508 1088 et
532 1028 674 1106 veritate,
704 1027 910 1107 relinquentes
936 1029 1025 1090 inane
1055 1030 1254 1110 vaniloquium
1277 1037 1307 1093 et
1329 1033 1412 1116 vulgi

283 1150 441 1209 errorem,
473 1127 663 1193 ⁴credentes
693 1132 727 1193 in
756 1151 840 1209 eum,
874 1133 928 1211 qui
950 1133 1119 1195 Dominum
1144 1143 1284 1198 nostrum
1306 1136 1412 1198 Jesum

285 1235 451 1299 Christum
473 1255 494 1298 c
514 1237 646 1325 mortuis
666 1237 850 1314 suscitavit,
877 1236 965 1317 eique
985 1238 1119 1318 ploriam
1141 1240 1230 1302 dedit
1251 1258 1287 1303 ae
1309 1232 1412 1304 sedem

283 1342 338 1433 ed·
357 1342 491 1403 dextram
521 1361 620 1420 suam;
653 1343 700 1404 cui
732 1343 867 1424 subjecte
897 1349 967 1404 sunt
998 1344 1096 1406 omnia
1123 1344 1265 1407 coelestia
1293 1352 1323 1407 ct
1346 1353 1412 1408 ter-

235 1464 241 1499 τ
282 1447 411 1524 restria;
443 1447 489 1509 cni
519 1447 615 1510 omnis
643 1448 763 1530 spiritus
794 1449 903 1525 servit3
938 1444 1017 1530 ⁵qui
1045 1451 1127 1511 venit
1149 1449 1245 1532 Judex
1275 1451 1413 1519 vivorum

235 1552 244 1621 i
284 1559 319 1615 et
342 1559 524 1615 mortuorum
533 1574 542 1629 3
571 1554 655 1635 eujus
678 1554 853 1636 sanguinem
877 1553 958 1615 Deus
981 1556 1114 1634 requiret
1136 1555 1172 1616 ab
1196 1555 1247 1633 iis,
1274 1556 1323 1636 qui
1351 1573 1412 1618 non

235 1678 242 1729 r
285 1657 415 1720 credunt
438 1657 468 1719 in
490 1657 580 1719 illum.
625 1653 681 1719 ⁶ls
704 1676 790 1737 vero,
814 1657 864 1739 qui
886 1659 981 1740 ipsum
1004 1659 1158 1722 suscitavit
1181 1677 1198 1720 e
1225 1661 1358 1735 mortuis,
1382 1667 1414 1722 et

240 1786 244 1825 r
284 1780 346 1825 nos
369 1762 531 1840 suscitabit,
553 1762 579 1823 si
602 1760 761 1825 fecerimus
785 1762 965 1825 voluntatem
986 1765 1052 1845 ejus
1068 1769 1098 1825 et
1114 1764 1143 1825 in
1159 1763 1251 1844 ipsius
1268 1764 1411 1826 mandatis

235 1868 246 1931 i
285 1846 554 1944 ambulaverimus,
589 1884 624 1929 ao
656 1866 847 1928 dilexerimus
878 1886 933 1946 ee,
967 1887 1043 1948 qune
1065 1869 1131 1949 ipse
1153 1867 1274 1948 dilexit,
1311 1862 1413 1930 'ebs-

235 2000 247 2053 p
285 1973 419 2036 tinentes
442 1971 478 2032 ab
502 1972 581 2034 omni
605 1972 762 2054 injustitia,
786 1971 990 2050 fraudatione,
1015 1971 1154 2049 avaritie,
1182 1973 1411 2052 obtrectatione,

235 2056 247 2155 r
285 2076 364 2140 salso
388 2075 574 2152 testimoni03
597 2071 687 2138 ⁸non
709 2075 874 2142 reddentes
896 2077 1008 2138 maium
1027 2095 1091 2155 pro
1114 2075 1213 2153 molo,
1236 2096 1292 2138 nec
1313 2079 1412 2139 male·

235 2210 249 2275 3
286 2181 405 2244 dietum
422 2199 484 2261 pro
508 2179 689 2257 maledicto,
720 2199 777 2242 neo
799 2199 932 2263 pugnum
954 2198 1010 2261 pro
1033 2197 1152 2262 pugno,
1182 2199 1239 2242 nec
1262 2199 1410 2243 exsecra-

240 2292 250 2361 t'-
287 2286 400 2348 tionem
422 2302 478 2366 pro
503 2286 727 2361 exsecratione3
760 2279 938 2347 9memores
961 2292 1059 2348 autem
1081 2302 1200 2362 eorum,
1231 2302 1308 2364 quae
1339 2285 1414 2369 dixit

235 2424 251 2467 2
285 2388 434 2473 Dominus
449 2388 579 2452 docens:
598 2383 734 2450 -¹⁰nolite
748 2389 911 2469 judicare,
936 2409 975 2451 ne
989 2388 1175 2470 judicemini
1182 2408 1194 2462 ,·
1219 2387 1242 2426 ¹¹
1256 2387 1411 2465 dimittite,
1452 2390 1458 2398 '

235 2508 252 2577 ᾗ
287 2502 318 2557 et
351 2495 523 2556 dimittetur
555 2493 664 2568 vohis;
704 2490 728 2531 ¹²
743 2494 950 2571 miseremini,
983 2502 1019 2556 ut
1051 2493 1300 2556 misericordium
1334 2511 1411 2554 con·

242 2574 251 2681 ,ἶ
286 2598 483 2679 sequamini}
522 2594 548 2679 ¹¹³
565 2599 599 2659 in
635 2617 698 2685 quo
736 2617 882 2661 mensura
918 2592 1017 2660 mensi
1051 2598 1198 2676 fueritis,
1235 2598 1412 2660 remetietur

235 2715 252 2788 ‚j
283 2702 379 2766 ‘nohis
386 2703 416 2776 ,·“
444 2709 490 2764 et:
515 2697 541 2740 ¹⁴
554 2701 655 2782 „beati
667 2721 837 2782 pauperes,
858 2711 889 2766 et
902 2703 956 2784 qui
968 2705 1214 2784 persecutionem
1226 2702 1393 2782 potiuntur
1400 2722 1412 2778 ,·

288 2808 438 2890 quonium
461 2807 601 2887 ipsorum
624 2816 671 2871 est
691 2827 819 2889 repnum
840 2810 931 2871 Dei.“
1269 2851 1294 2896 0

235 3032 254 3092 p
287 2999 333 3063 ΠΙ.
371 2999 442 3063 Nou
459 3005 644 3079 arrepunter
659 2999 739 3060 haee
753 2997 868 3060 scribo.
905 2997 1022 3062 Paulus
1033 3005 1224 3077 praeceptor
1239 3002 1342 3062 aester
1357 3009 1413 3064 est.

235 3148 254 3237 p
379 3119 503 3200 ¹⁵llaec,
526 3119 644 3197 iratres,
669 3088 777 3198 'loom
801 3118 881 3200 quod
901 3121 970 3183 mihi
985 3139 1134 3203 arrogem,
1157 3122 1258 3186 scribo
1274 3123 1361 3215 vobis
1376 3112 1414 3186 de

235 3252 255 3323 p
278 3229 417 3311 'Justitiar
440 3227 494 3290 sed
517 3228 586 3308 quia
608 3243 665 3290 vos
688 3227 875 3308 provocastis
898 3244 955 3289 me.
992 3226 1098 3306 Neque
1121 3227 1199 3289 enim
1223 3245 1292 3311 ego,
1315 3238 1415 3309 neque

235 3464 254 3519 p
306 3433 350 3498 ra)
369 3431 429 3485 Luc.
448 3434 473 3498 o,
495 3434 535 3485 ao.
863 3424 1083 3504 sor'urnnomp
1100 3435 1129 3486 nr
1147 3435 1188 3486 era
1206 3436 1264 3487 aue
1278 3437 1415 3503 sensnm

307 3520 354 3581 13)
375 3519 460 3571 blatth.
482 3519 507 3583 7,
526 3519 550 3571 2.
570 3517 629 3570 hue.
649 3519 675 3585 6,
694 3520 736 3571 38.
756 3518 837 3572 Prae·
864 3519 883 3584 l,
902 3520 948 3583 21)
967 3521 1070 3573 videtur
1088 3521 1219 3588 suspicari,
1242 3521 1276 3586 τῷ
1294 3517 1415 3583 πνεύματι

286 3607 441 3674 positionem
468 3602 511 3670 ἓν,
543 3621 618 3674 quam
643 3606 758 3661 ¹deletum
785 3608 838 3659 vult
865 3607 930 3673 apud
947 3606 972 3659 S.
988 3607 1141 3659 matthaeum
1159 3605 1335 3656 adsumentum
1355 3620 1414 3656 erse

286 3691 414 3757 smithius,
433 3708 483 3743 non
500 3700 642 3760 agnoscunt
664 3691 745 3752 comt
765 3693 837 3746 haur.
864 3678 1013 3746 recentioris
1032 3694 1105 3757 oevi,
1132 3692 1277 3758 neutiquam
1298 3691 1416 3743 assentiri

235 3808 249 3864 p
286 3778 357 3830 Vnt·
380 3782 537 3830 Jsooason.‘
865 3794 977 3846 possum.
1014 3784 1157 3831 Jsooesor.

305 3866 352 3934 14)
380 3865 498 3917 smithius
527 3874 553 3918 et
583 3865 709 3918 Ruchatus
743 3867 838 3919 addunt
884 3866 929 3930 15)
948 3865 1038 3917 'lotum
1051 3861 1169 3931 cnputlll
1179 3861 1313 3915 delendum
1325 3861 1416 3915 suadet

285 3969 319 4005 ex
344 3953 426 4003 reteri
451 3952 592 4020 interprete
616 3961 642 4004 et
666 3969 681 4003 e
705 3951 730 4006 S.
752 3953 837 4006 blatth.
866 3951 908 4002 Dr.
935 3953 1054 4014 Ritsebl,
1083 3949 1128 4001 cfr.
1154 3953 1321 4020 Densinper,
1347 3949 1365 4003 l.
1391 3965 1414 4004 e.

285 4041 317 4105 5,
346 4039 371 4092 3.
400 4041 436 4105 τῷ
463 4038 583 4102 πνεύματι
613 4044 682 4106 (post
715 4043 837 4106 πτωχοὶ),
864 4054 889 4106 p.
911 4037 970 4089 401.

284 4141 362 4196 quam
381 4124 485 4194 quidem
502 4141 593 4178 vocem
612 4127 702 4178 omittit
720 4125 744 4178 S.
758 4126 837 4179 Lucas
883 4126 929 4191 16)
947 4123 1071 4175 >Similiter
1087 4122 1197 4190 loquitur
1215 4121 1241 4175 S.
1260 4121 1369 4191 Ignatius
1387 4123 1415 4176 in

283 4215 311 4280 6,
332 4213 376 4263 20.
413 4209 479 4273 Quid
499 4205 584 4265 autem
602 4220 681 4277 vetet,
700 4210 837 4264 §.Patrem
863 4208 942 4277 Epist
970 4211 1003 4262 ad
1029 4209 1156 4277 Ephesios
1183 4226 1206 4262 e.
1231 4209 1264 4260 3:
1292 4205 1331 4260 Ori
1356 4207 1415 4259 dtu-

280 4300 372 4352 locum
391 4299 537 4366 parallelum
557 4300 582 4352 S.
601 4298 685 4352 Lucus
709 4301 734 4350 in
754 4301 837 4350 animo
863 4293 982 4362 riooopm
998 4292 1064 4362 ripis,
1082 4292 1113 4352 aia
1130 4290 1164 4344 ὤν
1181 4315 1222 4354 τις.
1379 4290 1381 4293 ’

281 4384 430 4441 babuisse?
462 4381 609 4453 'Crednerm-
635 4387 678 4456 qui
700 4376 838 4458 (uatutp

1135 4472 1207 4540 17*

1379 4426 1526 4660 'r
