<?xml version="1.0" encoding="UTF-8"?>
<!DOCTYPE html PUBLIC "-//W3C//DTD XHTML 1.0 Transitional//EN"
    "http://www.w3.org/TR/xhtml1/DTD/xhtml1-transitional.dtd">
<html xmlns="http://www.w3.org/1999/xhtml" xml:lang="en" lang="en">
 <head>
  <title>
</title>
<meta http-equiv="Content-Type" content="text/html;charset=utf-8" />
  <meta name='ocr-system' content='tesseract 3.04.00' />
  <meta name='ocr-capabilities' content='ocr_page ocr_carea ocr_par ocr_line ocrx_word'/>
</head>
<body>
  <div class='ocr_page' id='page_1' title='image "./patrumapostolic00hefegoog_0071.png"; bbox 0 0 3659 5209; ppageno 0'>
   <div class='ocr_carea' id='block_1_1' title="bbox 360 540 1492 617">
    <p class='ocr_par' dir='ltr' id='par_1_1' title="bbox 360 540 1492 617">
     <span class='ocr_line' id='line_1_1' title="bbox 360 540 1492 617; baseline 0.008 -18"><span class='ocrx_word' id='word_1_1' title='bbox 360 544 388 600; x_wconf 83' lang='lat' dir='ltr'><strong>S.</strong></span> <span class='ocrx_word' id='word_1_2' title='bbox 407 542 578 617; x_wconf 66' lang='lat' dir='ltr'><strong>tumult]</strong></span> <span class='ocrx_word' id='word_1_3' title='bbox 632 564 640 575; x_wconf 48' lang='lat'>⁸</span> <span class='ocrx_word' id='word_1_4' title='bbox 801 542 1055 599; x_wconf 74' lang='lat' dir='ltr'><strong>ruotuoottttnn.</strong></span> <span class='ocrx_word' id='word_1_5' title='bbox 1127 540 1131 547; x_wconf 76' lang='lat'>&#39;</span> <span class='ocrx_word' id='word_1_6' title='bbox 1403 550 1492 609; x_wconf 85' lang='lat' dir='ltr'><strong>txvtt</strong></span> 
     </span>
    </p>
   </div>
   <div class='ocr_carea' id='block_1_2' title="bbox 347 699 1552 3712">
    <p class='ocr_par' dir='ltr' id='par_1_2' title="bbox 358 699 1488 996">
     <span class='ocr_line' id='line_1_2' title="bbox 451 699 1488 793; baseline 0.011 -26"><span class='ocrx_word' id='word_1_7' title='bbox 451 704 511 767; x_wconf 88' lang='lat' dir='ltr'><strong>Vll.</strong></span> <span class='ocrx_word' id='word_1_8' title='bbox 557 699 635 768; x_wconf 84' lang='lat' dir='ltr'><strong>Male</strong></span> <span class='ocrx_word' id='word_1_9' title='bbox 664 705 751 768; x_wconf 87' lang='lat' dir='ltr'><strong>etiam</strong></span> <span class='ocrx_word' id='word_1_10' title='bbox 784 704 820 767; x_wconf 92' lang='lat' dir='ltr'><strong>de</strong></span> <span class='ocrx_word' id='word_1_11' title='bbox 850 705 1030 785; x_wconf 82' lang='lat' dir='ltr'><strong>inteprt&#39;tote</strong></span> <span class='ocrx_word' id='word_1_12' title='bbox 1059 705 1249 788; x_wconf 90' lang='lat' dir='ltr'><strong>epistolarum</strong></span> <span class='ocrx_word' id='word_1_13' title='bbox 1270 707 1375 793; x_wconf 77' lang='lat' dir='ltr'><strong>Ignatii</strong></span> <span class='ocrx_word' id='word_1_14' title='bbox 1401 711 1488 777; x_wconf 83' lang='lat' dir='ltr'><strong>dubia</strong></span> 
     </span>
     <span class='ocr_line' id='line_1_3' title="bbox 358 807 1488 893; baseline 0.01 -21"><span class='ocrx_word' id='word_1_15' title='bbox 358 817 441 873; x_wconf 93' lang='lat' dir='ltr'><strong>mota</strong></span> <span class='ocrx_word' id='word_1_16' title='bbox 472 815 539 873; x_wconf 94' lang='lat' dir='ltr'><strong>sunt</strong></span> <span class='ocrx_word' id='word_1_17' title='bbox 557 807 597 893; x_wconf 83' lang='grc' dir='ltr'><strong>ΙΙ).</strong></span> <span class='ocrx_word' id='word_1_18' title='bbox 641 809 817 873; x_wconf 80' lang='lat' dir='ltr'><strong>Praesertim</strong></span> <span class='ocrx_word' id='word_1_19' title='bbox 848 814 946 873; x_wconf 89' lang='lat' dir='ltr'><strong>omnia</strong></span> <span class='ocrx_word' id='word_1_20' title='bbox 978 810 1016 872; x_wconf 93' lang='lat' dir='ltr'><strong>de</strong></span> <span class='ocrx_word' id='word_1_21' title='bbox 1048 812 1222 893; x_wconf 88' lang='lat' dir='ltr'><strong>episcopatu</strong></span> <span class='ocrx_word' id='word_1_22' title='bbox 1253 820 1283 875; x_wconf 91' lang='lat' dir='ltr'><strong>et</strong></span> <span class='ocrx_word' id='word_1_23' title='bbox 1313 814 1351 889; x_wconf 85' lang='lat' dir='ltr'><strong>de</strong></span> <span class='ocrx_word' id='word_1_24' title='bbox 1378 815 1488 882; x_wconf 86' lang='lat' dir='ltr'><strong>deitate</strong></span> 
     </span>
     <span class='ocr_line' id='line_1_4' title="bbox 361 913 1356 996; baseline 0.007 -21"><span class='ocrx_word' id='word_1_25' title='bbox 361 914 473 976; x_wconf 88' lang='lat' dir='ltr'><strong>Christi</strong></span> <span class='ocrx_word' id='word_1_26' title='bbox 495 913 580 976; x_wconf 90' lang='lat' dir='ltr'><strong>eliata</strong></span> <span class='ocrx_word' id='word_1_27' title='bbox 603 916 807 996; x_wconf 66' lang='lat' dir='ltr'>interpolatori</span> <span class='ocrx_word' id='word_1_28' title='bbox 831 933 847 976; x_wconf 93' lang='lat' dir='ltr'><strong>a</strong></span> <span class='ocrx_word' id='word_1_29' title='bbox 871 915 1047 996; x_wconf 88' lang='lat' dir='ltr'><strong>quibusdam</strong></span> <span class='ocrx_word' id='word_1_30' title='bbox 1076 917 1251 980; x_wconf 87' lang='lat' dir='ltr'><strong>tribuuntur.</strong></span> <span class='ocrx_word' id='word_1_31' title='bbox 1297 919 1356 982; x_wconf 86' lang='lat' dir='ltr'><strong>Sed</strong></span> 
     </span>
    </p>

    <p class='ocr_par' dir='ltr' id='par_1_3' title="bbox 412 1016 1301 1104">
     <span class='ocr_line' id='line_1_5' title="bbox 412 1016 1301 1104; baseline 0.002 -23"><span class='ocrx_word' id='word_1_32' title='bbox 412 1016 450 1104; x_wconf 84' lang='lat' dir='ltr'><strong>a)</strong></span> <span class='ocrx_word' id='word_1_33' title='bbox 474 1018 582 1081; x_wconf 92' lang='lat' dir='ltr'><strong>nullum</strong></span> <span class='ocrx_word' id='word_1_34' title='bbox 605 1026 760 1083; x_wconf 85' lang='lat' dir='ltr'><strong>externum</strong></span> <span class='ocrx_word' id='word_1_35' title='bbox 785 1019 1021 1100; x_wconf 70' lang='lat' dir='ltr'><strong>interpolationis</strong></span> <span class='ocrx_word' id='word_1_36' title='bbox 1046 1019 1131 1084; x_wconf 84' lang='lat' dir='ltr'><strong>adest</strong></span> <span class='ocrx_word' id='word_1_37' title='bbox 1154 1021 1301 1085; x_wconf 89' lang='lat' dir='ltr'><strong>indicium.</strong></span> 
     </span>
    </p>

    <p class='ocr_par' dir='ltr' id='par_1_4' title="bbox 396 1119 1486 1311">
     <span class='ocr_line' id='line_1_6' title="bbox 396 1119 1486 1206; baseline 0.008 -21"><span class='ocrx_word' id='word_1_38' title='bbox 396 1119 446 1205; x_wconf 78' lang='lat' dir='ltr'><strong>b)</strong></span> <span class='ocrx_word' id='word_1_39' title='bbox 468 1123 539 1185; x_wconf 83' lang='lat' dir='ltr'><strong>Loci</strong></span> <span class='ocrx_word' id='word_1_40' title='bbox 570 1142 586 1185; x_wconf 92' lang='lat' dir='ltr'><strong>a</strong></span> <span class='ocrx_word' id='word_1_41' title='bbox 618 1124 769 1186; x_wconf 90' lang='lat' dir='ltr'><strong>veteribus</strong></span> <span class='ocrx_word' id='word_1_42' title='bbox 798 1122 906 1186; x_wconf 88' lang='lat' dir='ltr'><strong>laudati</strong></span> <span class='ocrx_word' id='word_1_43' title='bbox 942 1125 1005 1206; x_wconf 89' lang='lat' dir='ltr'><strong>pari</strong></span> <span class='ocrx_word' id='word_1_44' title='bbox 1038 1125 1127 1188; x_wconf 94' lang='lat' dir='ltr'><strong>modo</strong></span> <span class='ocrx_word' id='word_1_45' title='bbox 1161 1125 1192 1187; x_wconf 92' lang='lat' dir='ltr'><strong>in</strong></span> <span class='ocrx_word' id='word_1_46' title='bbox 1224 1126 1356 1188; x_wconf 85' lang='lat' dir='ltr'><strong>breviori</strong></span> <span class='ocrx_word' id='word_1_47' title='bbox 1386 1137 1486 1194; x_wconf 75' lang='lat' dir='ltr'><strong>nostru</strong></span> 
     </span>
     <span class='ocr_line' id='line_1_7' title="bbox 471 1227 1252 1311; baseline 0.001 -22"><span class='ocrx_word' id='word_1_48' title='bbox 471 1229 652 1292; x_wconf 83' lang='lat' dir='ltr'><strong>recensione</strong></span> <span class='ocrx_word' id='word_1_49' title='bbox 675 1228 824 1310; x_wconf 83' lang='lat' dir='ltr'><strong>leguntur.</strong></span> <span class='ocrx_word' id='word_1_50' title='bbox 869 1227 929 1289; x_wconf 85' lang='lat' dir='ltr'><strong>Cir.</strong></span> <span class='ocrx_word' id='word_1_51' title='bbox 952 1247 1042 1311; x_wconf 89' lang='lat' dir='ltr'><strong>supra</strong></span> <span class='ocrx_word' id='word_1_52' title='bbox 1064 1249 1092 1310; x_wconf 86' lang='lat' dir='ltr'><strong>p.</strong></span> <span class='ocrx_word' id='word_1_53' title='bbox 1115 1229 1164 1291; x_wconf 89' lang='lat' dir='ltr'><strong>Lll</strong></span> <span class='ocrx_word' id='word_1_54' title='bbox 1186 1246 1252 1309; x_wconf 88' lang='lat' dir='ltr'><strong>sqq.</strong></span> 
     </span>
    </p>

    <p class='ocr_par' dir='ltr' id='par_1_5' title="bbox 405 1328 1487 1729">
     <span class='ocr_line' id='line_1_8' title="bbox 405 1328 1487 1417; baseline 0.006 -25"><span class='ocrx_word' id='word_1_55' title='bbox 405 1328 443 1416; x_wconf 84' lang='lat' dir='ltr'><strong>e)</strong></span> <span class='ocrx_word' id='word_1_56' title='bbox 467 1332 589 1395; x_wconf 80' lang='lat' dir='ltr'><strong>Arctior</strong></span> <span class='ocrx_word' id='word_1_57' title='bbox 622 1334 763 1396; x_wconf 88' lang='lat' dir='ltr'><strong>materiae</strong></span> <span class='ocrx_word' id='word_1_58' title='bbox 798 1338 828 1394; x_wconf 94' lang='lat' dir='ltr'><strong>et</strong></span> <span class='ocrx_word' id='word_1_59' title='bbox 859 1334 1004 1396; x_wconf 89' lang='lat' dir='ltr'><strong>orationis</strong></span> <span class='ocrx_word' id='word_1_60' title='bbox 1036 1351 1133 1397; x_wconf 82' lang='lat' dir='ltr'><strong>nexus</strong></span> <span class='ocrx_word' id='word_1_61' title='bbox 1169 1351 1287 1398; x_wconf 92' lang='lat' dir='ltr'><strong>omnem</strong></span> <span class='ocrx_word' id='word_1_62' title='bbox 1321 1333 1487 1417; x_wconf 85' lang='lat' dir='ltr'><strong>interpola-</strong></span> 
     </span>
     <span class='ocr_line' id='line_1_9' title="bbox 469 1436 1487 1518; baseline 0.006 -19"><span class='ocrx_word' id='word_1_63' title='bbox 469 1438 559 1501; x_wconf 79' lang='lat' dir='ltr'><strong>tionis</strong></span> <span class='ocrx_word' id='word_1_64' title='bbox 581 1438 781 1518; x_wconf 84' lang='lat' dir='ltr'><strong>suspicionem</strong></span> <span class='ocrx_word' id='word_1_65' title='bbox 808 1438 882 1500; x_wconf 89' lang='lat' dir='ltr'><strong>tollit</strong></span> <span class='ocrx_word' id='word_1_66' title='bbox 890 1460 899 1515; x_wconf 91' lang='lat'>;</span> <span class='ocrx_word' id='word_1_67' title='bbox 931 1438 1017 1501; x_wconf 82' lang='lat' dir='ltr'><strong>effata</strong></span> <span class='ocrx_word' id='word_1_68' title='bbox 1041 1439 1117 1501; x_wconf 92' lang='lat' dir='ltr'><strong>enim</strong></span> <span class='ocrx_word' id='word_1_69' title='bbox 1141 1438 1188 1500; x_wconf 92' lang='lat' dir='ltr'><strong>illa</strong></span> <span class='ocrx_word' id='word_1_70' title='bbox 1212 1436 1396 1518; x_wconf 81' lang='lat' dir='ltr'><strong>displicentia</strong></span> <span class='ocrx_word' id='word_1_71' title='bbox 1420 1442 1487 1505; x_wconf 85' lang='lat' dir='ltr'><strong>sine</strong></span> 
     </span>
     <span class='ocr_line' id='line_1_10' title="bbox 469 1542 1485 1625; baseline 0.002 -19"><span class='ocrx_word' id='word_1_72' title='bbox 469 1544 561 1606; x_wconf 90' lang='lat' dir='ltr'><strong>totius</strong></span> <span class='ocrx_word' id='word_1_73' title='bbox 583 1544 731 1606; x_wconf 88' lang='lat' dir='ltr'><strong>sermonis</strong></span> <span class='ocrx_word' id='word_1_74' title='bbox 752 1544 865 1625; x_wconf 90' lang='lat' dir='ltr'><strong>pariter</strong></span> <span class='ocrx_word' id='word_1_75' title='bbox 892 1559 1057 1606; x_wconf 80' lang='lat' dir='ltr'><strong>assensus</strong></span> <span class='ocrx_word' id='word_1_76' title='bbox 1087 1542 1290 1606; x_wconf 70' lang='lat' dir='ltr'><strong>devastatione</strong></span> <span class='ocrx_word' id='word_1_77' title='bbox 1314 1543 1403 1607; x_wconf 86' lang='lat' dir='ltr'><strong>evelli</strong></span> <span class='ocrx_word' id='word_1_78' title='bbox 1425 1563 1485 1608; x_wconf 93' lang='lat' dir='ltr'><strong>non</strong></span> 
     </span>
     <span class='ocr_line' id='line_1_11' title="bbox 467 1654 1092 1729; baseline 0 -20"><span class='ocrx_word' id='word_1_79' title='bbox 467 1654 603 1729; x_wconf 91' lang='lat' dir='ltr'><strong>possunt.</strong></span> <span class='ocrx_word' id='word_1_80' title='bbox 1088 1707 1092 1718; x_wconf 86' lang='grc'>,</span> 
     </span>
    </p>

    <p class='ocr_par' dir='ltr' id='par_1_6' title="bbox 402 1748 1483 1938">
     <span class='ocr_line' id='line_1_12' title="bbox 402 1748 1483 1835; baseline 0.002 -21"><span class='ocrx_word' id='word_1_81' title='bbox 402 1748 443 1835; x_wconf 88' lang='lat' dir='ltr'><strong>d)</strong></span> <span class='ocrx_word' id='word_1_82' title='bbox 467 1751 625 1814; x_wconf 89' lang='lat' dir='ltr'><strong>Praeterea</strong></span> <span class='ocrx_word' id='word_1_83' title='bbox 649 1752 773 1814; x_wconf 89' lang='lat' dir='ltr'><strong>eandem</strong></span> <span class='ocrx_word' id='word_1_84' title='bbox 797 1753 865 1835; x_wconf 81' lang='lat' dir='ltr'><strong>styli</strong></span> <span class='ocrx_word' id='word_1_85' title='bbox 888 1753 1034 1816; x_wconf 91' lang='lat' dir='ltr'><strong>rationem</strong></span> <span class='ocrx_word' id='word_1_86' title='bbox 1056 1772 1122 1816; x_wconf 90' lang='lat' dir='ltr'><strong>cum</strong></span> <span class='ocrx_word' id='word_1_87' title='bbox 1151 1752 1182 1815; x_wconf 91' lang='lat' dir='ltr'><strong>in</strong></span> <span class='ocrx_word' id='word_1_88' title='bbox 1212 1751 1392 1834; x_wconf 88' lang='lat' dir='ltr'><strong>repudiatis,</strong></span> <span class='ocrx_word' id='word_1_89' title='bbox 1423 1760 1483 1817; x_wconf 92' lang='lat' dir='ltr'><strong>tum</strong></span> 
     </span>
     <span class='ocr_line' id='line_1_13' title="bbox 467 1857 1223 1938; baseline 0.003 -20"><span class='ocrx_word' id='word_1_90' title='bbox 467 1857 498 1918; x_wconf 89' lang='lat' dir='ltr'><strong>in</strong></span> <span class='ocrx_word' id='word_1_91' title='bbox 521 1857 690 1938; x_wconf 84' lang='lat' dir='ltr'><strong>approbatis</strong></span> <span class='ocrx_word' id='word_1_92' title='bbox 713 1857 901 1938; x_wconf 87' lang='lat' dir='ltr'><strong>epistolarum</strong></span> <span class='ocrx_word' id='word_1_93' title='bbox 924 1859 1055 1937; x_wconf 90' lang='lat' dir='ltr'><strong>partibus</strong></span> <span class='ocrx_word' id='word_1_94' title='bbox 1079 1857 1223 1920; x_wconf 90' lang='lat' dir='ltr'><strong>invenies.</strong></span> 
     </span>
    </p>

    <p class='ocr_par' dir='ltr' id='par_1_7' title="bbox 404 1956 1481 2144">
     <span class='ocr_line' id='line_1_14' title="bbox 404 1956 1481 2050; baseline 0.002 -27"><span class='ocrx_word' id='word_1_95' title='bbox 404 1956 443 2050; x_wconf 80' lang='lat' dir='ltr'><strong>e)</strong></span> <span class='ocrx_word' id='word_1_96' title='bbox 468 1960 555 2033; x_wconf 84' lang='lat' dir='ltr'><strong>Quod</strong></span> <span class='ocrx_word' id='word_1_97' title='bbox 578 1979 603 2022; x_wconf 91' lang='lat' dir='ltr'><strong>o.</strong></span> <span class='ocrx_word' id='word_1_98' title='bbox 627 1957 656 2023; x_wconf 80' lang='lat'><strong>8.</strong></span> <span class='ocrx_word' id='word_1_99' title='bbox 681 1960 734 2042; x_wconf 89' lang='lat' dir='ltr'><strong>Ep.</strong></span> <span class='ocrx_word' id='word_1_100' title='bbox 758 1960 795 2022; x_wconf 89' lang='lat' dir='ltr'><strong>ad</strong></span> <span class='ocrx_word' id='word_1_101' title='bbox 818 1961 917 2040; x_wconf 86' lang='lat' dir='ltr'><strong>lllagn.</strong></span> <span class='ocrx_word' id='word_1_102' title='bbox 941 1957 1036 2042; x_wconf 78' lang='grc' dir='ltr'><strong><em>Σιγῆς</em></strong></span> <span class='ocrx_word' id='word_1_103' title='bbox 1058 1960 1133 2022; x_wconf 87' lang='lat' dir='ltr'><strong>lacta</strong></span> <span class='ocrx_word' id='word_1_104' title='bbox 1156 1962 1195 2022; x_wconf 91' lang='lat' dir='ltr'><strong>sit</strong></span> <span class='ocrx_word' id='word_1_105' title='bbox 1225 1963 1353 2040; x_wconf 89' lang='lat' dir='ltr'><strong>mentio,</strong></span> <span class='ocrx_word' id='word_1_106' title='bbox 1384 1962 1481 2025; x_wconf 88' lang='lat' dir='ltr'><strong>inter-</strong></span> 
     </span>
     <span class='ocr_line' id='line_1_15' title="bbox 469 2061 1480 2144; baseline 0.005 -19"><span class='ocrx_word' id='word_1_107' title='bbox 469 2062 627 2144; x_wconf 89' lang='lat' dir='ltr'><strong>polationis</strong></span> <span class='ocrx_word' id='word_1_108' title='bbox 650 2082 711 2127; x_wconf 94' lang='lat' dir='ltr'><strong>non</strong></span> <span class='ocrx_word' id='word_1_109' title='bbox 734 2065 858 2144; x_wconf 89' lang='lat' dir='ltr'><strong>praebet</strong></span> <span class='ocrx_word' id='word_1_110' title='bbox 880 2061 1035 2139; x_wconf 88' lang='lat' dir='ltr'><strong>indicium,</strong></span> <span class='ocrx_word' id='word_1_111' title='bbox 1065 2066 1096 2124; x_wconf 91' lang='lat' dir='ltr'><strong>ut</strong></span> <span class='ocrx_word' id='word_1_112' title='bbox 1118 2063 1147 2124; x_wconf 93' lang='lat' dir='ltr'><strong>in</strong></span> <span class='ocrx_word' id='word_1_113' title='bbox 1169 2065 1247 2125; x_wconf 94' lang='lat' dir='ltr'><strong>notis</strong></span> <span class='ocrx_word' id='word_1_114' title='bbox 1270 2064 1306 2127; x_wconf 86' lang='lat' dir='ltr'><strong>ad</strong></span> <span class='ocrx_word' id='word_1_115' title='bbox 1329 2066 1357 2128; x_wconf 89' lang='lat' dir='ltr'><strong>h.</strong></span> <span class='ocrx_word' id='word_1_116' title='bbox 1379 2067 1398 2130; x_wconf 91' lang='lat' dir='ltr'><strong>l.</strong></span> <span class='ocrx_word' id='word_1_117' title='bbox 1422 2067 1480 2131; x_wconf 91' lang='lat' dir='ltr'><strong>de-</strong></span> 
     </span>
    </p>

    <p class='ocr_par' dir='ltr' id='par_1_8' title="bbox 423 2163 1078 2250">
     <span class='ocr_line' id='line_1_16' title="bbox 423 2163 1078 2250; baseline 0 -22"><span class='ocrx_word' id='word_1_118' title='bbox 423 2216 426 2220; x_wconf 92' lang='lat'><strong>.</strong></span> <span class='ocrx_word' id='word_1_119' title='bbox 471 2168 698 2231; x_wconf 87' lang='lat' dir='ltr'><strong>monstravimus</strong></span> <span class='ocrx_word' id='word_1_120' title='bbox 721 2167 797 2229; x_wconf 86' lang='lat' dir='ltr'><strong>inira</strong></span> <span class='ocrx_word' id='word_1_121' title='bbox 819 2185 847 2250; x_wconf 97' lang='lat' dir='ltr'><strong>p.</strong></span> <span class='ocrx_word' id='word_1_122' title='bbox 873 2163 936 2228; x_wconf 81' lang='lat'><strong>178</strong></span> <span class='ocrx_word' id='word_1_123' title='bbox 956 2165 1024 2228; x_wconf 89' lang='lat' dir='ltr'><strong>Not</strong></span> <span class='ocrx_word' id='word_1_124' title='bbox 1048 2163 1078 2228; x_wconf 88' lang='grc'><strong>8.</strong></span> 
     </span>
    </p>

    <p class='ocr_par' dir='ltr' id='par_1_9' title="bbox 414 2267 1481 2459">
     <span class='ocr_line' id='line_1_17' title="bbox 414 2267 1481 2358; baseline 0.006 -26"><span class='ocrx_word' id='word_1_125' title='bbox 414 2267 446 2353; x_wconf 86' lang='lat' dir='ltr'><strong>i)</strong></span> <span class='ocrx_word' id='word_1_126' title='bbox 469 2271 624 2334; x_wconf 90' lang='lat' dir='ltr'><strong>Polemiois</strong></span> <span class='ocrx_word' id='word_1_127' title='bbox 647 2277 757 2335; x_wconf 92' lang='lat' dir='ltr'><strong>tantum</strong></span> <span class='ocrx_word' id='word_1_128' title='bbox 779 2271 876 2334; x_wconf 90' lang='lat' dir='ltr'><strong>oausis</strong></span> <span class='ocrx_word' id='word_1_129' title='bbox 900 2269 984 2333; x_wconf 86' lang='lat' dir='ltr'><strong>ducti.</strong></span> <span class='ocrx_word' id='word_1_130' title='bbox 1002 2267 1137 2332; x_wconf 89' lang='lat' dir='ltr'><strong>nonnulli</strong></span> <span class='ocrx_word' id='word_1_131' title='bbox 1161 2268 1216 2331; x_wconf 91' lang='lat' dir='ltr'><strong>viri</strong></span> <span class='ocrx_word' id='word_1_132' title='bbox 1247 2269 1325 2334; x_wconf 90' lang='lat' dir='ltr'><strong>docti</strong></span> <span class='ocrx_word' id='word_1_133' title='bbox 1352 2273 1481 2358; x_wconf 80' lang='lat' dir='ltr'><strong>integri-</strong></span> 
     </span>
     <span class='ocr_line' id='line_1_18' title="bbox 468 2373 1381 2459; baseline 0 -21"><span class='ocrx_word' id='word_1_134' title='bbox 468 2382 557 2439; x_wconf 86' lang='lat' dir='ltr'><strong>tatem</strong></span> <span class='ocrx_word' id='word_1_135' title='bbox 580 2377 769 2459; x_wconf 90' lang='lat' dir='ltr'><strong>epistolarum</strong></span> <span class='ocrx_word' id='word_1_136' title='bbox 793 2381 960 2439; x_wconf 84' lang='lat' dir='ltr'><strong>nostrarum</strong></span> <span class='ocrx_word' id='word_1_137' title='bbox 984 2376 1014 2436; x_wconf 90' lang='lat' dir='ltr'><strong>in</strong></span> <span class='ocrx_word' id='word_1_138' title='bbox 1037 2373 1156 2436; x_wconf 90' lang='lat' dir='ltr'><strong>dubium</strong></span> <span class='ocrx_word' id='word_1_139' title='bbox 1180 2373 1381 2458; x_wconf 80' lang='lat' dir='ltr'><strong>vocarunt²).</strong></span> 
     </span>
    </p>

    <p class='ocr_par' dir='ltr' id='par_1_10' title="bbox 401 2477 1482 2770">
     <span class='ocr_line' id='line_1_19' title="bbox 401 2477 1481 2565; baseline 0.001 -21"><span class='ocrx_word' id='word_1_140' title='bbox 401 2477 444 2565; x_wconf 79' lang='lat' dir='ltr'><strong>g)</strong></span> <span class='ocrx_word' id='word_1_141' title='bbox 467 2481 525 2555; x_wconf 83' lang='lat' dir='ltr'><strong>Oui</strong></span> <span class='ocrx_word' id='word_1_142' title='bbox 548 2483 737 2565; x_wconf 89' lang='lat' dir='ltr'><strong>episcopatus</strong></span> <span class='ocrx_word' id='word_1_143' title='bbox 761 2499 850 2545; x_wconf 83' lang='lat' dir='ltr'><strong>causa</strong></span> <span class='ocrx_word' id='word_1_144' title='bbox 873 2480 1014 2561; x_wconf 81' lang='lat' dir='ltr'><strong>epistolas</strong></span> <span class='ocrx_word' id='word_1_145' title='bbox 1041 2484 1159 2543; x_wconf 89' lang='lat' dir='ltr'><strong>nostras</strong></span> <span class='ocrx_word' id='word_1_146' title='bbox 1189 2478 1382 2559; x_wconf 85' lang='lat' dir='ltr'><strong>interpolatas</strong></span> <span class='ocrx_word' id='word_1_147' title='bbox 1413 2497 1481 2557; x_wconf 81' lang='lat' dir='ltr'><strong>esse</strong></span> 
     </span>
     <span class='ocr_line' id='line_1_20' title="bbox 465 2583 1482 2668; baseline 0 -20"><span class='ocrx_word' id='word_1_148' title='bbox 465 2593 578 2668; x_wconf 88' lang='lat' dir='ltr'><strong>putant,</strong></span> <span class='ocrx_word' id='word_1_149' title='bbox 602 2588 683 2651; x_wconf 93' lang='lat' dir='ltr'><strong>nullo</strong></span> <span class='ocrx_word' id='word_1_150' title='bbox 706 2586 795 2650; x_wconf 91' lang='lat' dir='ltr'><strong>modo</strong></span> <span class='ocrx_word' id='word_1_151' title='bbox 816 2585 960 2648; x_wconf 90' lang='lat' dir='ltr'><strong>rationem</strong></span> <span class='ocrx_word' id='word_1_152' title='bbox 976 2583 1106 2647; x_wconf 91' lang='lat' dir='ltr'><strong>reddere</strong></span> <span class='ocrx_word' id='word_1_153' title='bbox 1122 2589 1257 2665; x_wconf 90' lang='lat' dir='ltr'><strong>possunt,</strong></span> <span class='ocrx_word' id='word_1_154' title='bbox 1281 2600 1334 2646; x_wconf 86' lang='lat' dir='ltr'><strong>cur</strong></span> <span class='ocrx_word' id='word_1_155' title='bbox 1356 2585 1482 2666; x_wconf 91' lang='lat' dir='ltr'><strong>epistola</strong></span> 
     </span>
     <span class='ocr_line' id='line_1_21' title="bbox 465 2675 1481 2770; baseline -0.002 -18"><span class='ocrx_word' id='word_1_156' title='bbox 465 2690 502 2752; x_wconf 90' lang='lat' dir='ltr'><strong>ad</strong></span> <span class='ocrx_word' id='word_1_157' title='bbox 517 2691 667 2756; x_wconf 90' lang='lat' dir='ltr'><strong>Romanos</strong></span> <span class='ocrx_word' id='word_1_158' title='bbox 691 2692 756 2755; x_wconf 87' lang='lat' dir='ltr'><strong>sola</strong></span> <span class='ocrx_word' id='word_1_159' title='bbox 769 2675 813 2753; x_wconf 54' lang='lat' dir='ltr'><strong>&#39;ab</strong></span> <span class='ocrx_word' id='word_1_160' title='bbox 829 2688 1044 2770; x_wconf 81' lang='lat' dir='ltr'><strong>interpolatore</strong></span> <span class='ocrx_word' id='word_1_161' title='bbox 1059 2705 1119 2751; x_wconf 94' lang='lat' dir='ltr'><strong>non</strong></span> <span class='ocrx_word' id='word_1_162' title='bbox 1136 2685 1225 2750; x_wconf 84' lang='lat' dir='ltr'><strong>luerit</strong></span> <span class='ocrx_word' id='word_1_163' title='bbox 1241 2685 1369 2764; x_wconf 84' lang='lat' dir='ltr'><strong>foedata,</strong></span> <span class='ocrx_word' id='word_1_164' title='bbox 1392 2707 1481 2768; x_wconf 93' lang='lat' dir='ltr'><strong>quum</strong></span> 
     </span>
    </p>

    <p class='ocr_par' dir='ltr' id='par_1_11' title="bbox 385 2776 1479 2980">
     <span class='ocr_line' id='line_1_22' title="bbox 385 2776 1479 2878; baseline -0.003 -19"><span class='ocrx_word' id='word_1_165' title='bbox 385 2828 388 2833; x_wconf 93' lang='lat'><em>·</em></span> <span class='ocrx_word' id='word_1_166' title='bbox 464 2812 521 2859; x_wconf 83' lang='lat' dir='ltr'><strong>sex</strong></span> <span class='ocrx_word' id='word_1_167' title='bbox 543 2797 666 2878; x_wconf 88' lang='lat' dir='ltr'><strong>reliquis</strong></span> <span class='ocrx_word' id='word_1_168' title='bbox 681 2776 791 2878; x_wconf 81' lang='lat' dir='ltr'><strong>¹impias</strong></span> <span class='ocrx_word' id='word_1_169' title='bbox 823 2796 888 2877; x_wconf 88' lang='lat' dir='ltr'><strong>ejus</strong></span> <span class='ocrx_word' id='word_1_170' title='bbox 920 2811 1024 2858; x_wconf 87' lang='lat' dir='ltr'><strong>manus</strong></span> <span class='ocrx_word' id='word_1_171' title='bbox 1053 2812 1115 2856; x_wconf 94' lang='lat' dir='ltr'><strong>non</strong></span> <span class='ocrx_word' id='word_1_172' title='bbox 1144 2794 1318 2875; x_wconf 90' lang='lat' dir='ltr'><strong>pepercisse</strong></span> <span class='ocrx_word' id='word_1_173' title='bbox 1347 2793 1479 2856; x_wconf 86' lang='lat' dir='ltr'><strong>eredunt</strong></span> 
     </span>
     <span class='ocr_line' id='line_1_23' title="bbox 464 2896 1070 2980; baseline -0.002 -19"><span class='ocrx_word' id='word_1_174' title='bbox 464 2899 524 2962; x_wconf 82' lang='lat' dir='ltr'><strong>Cir.</strong></span> <span class='ocrx_word' id='word_1_175' title='bbox 548 2900 679 2979; x_wconf 82' lang='lat' dir='ltr'><strong>Mdlrler,</strong></span> <span class='ocrx_word' id='word_1_176' title='bbox 704 2900 844 2962; x_wconf 82' lang='lat' dir='ltr'><strong>Athamas.</strong></span> <span class='ocrx_word' id='word_1_177' title='bbox 868 2898 901 2960; x_wconf 88' lang='grc' dir='ltr'><strong>Τ.</strong></span> <span class='ocrx_word' id='word_1_178' title='bbox 924 2898 944 2959; x_wconf 93' lang='lat' dir='ltr'><strong>l.</strong></span> <span class='ocrx_word' id='word_1_179' title='bbox 967 2918 995 2980; x_wconf 89' lang='lat' dir='ltr'><strong>p.</strong></span> <span class='ocrx_word' id='word_1_180' title='bbox 1022 2896 1070 2962; x_wconf 87' lang='lat'><strong>18.</strong></span> 
     </span>
    </p>

    <p class='ocr_par' dir='ltr' id='par_1_12' title="bbox 347 2998 1478 3398">
     <span class='ocr_line' id='line_1_24' title="bbox 443 2998 1478 3085; baseline -0.001 -19"><span class='ocrx_word' id='word_1_181' title='bbox 443 3003 479 3066; x_wconf 91' lang='lat' dir='ltr'><strong>Ut</strong></span> <span class='ocrx_word' id='word_1_182' title='bbox 500 3005 585 3067; x_wconf 85' lang='lat' dir='ltr'><strong>brevi</strong></span> <span class='ocrx_word' id='word_1_183' title='bbox 608 3005 711 3083; x_wconf 82' lang='lat' dir='ltr'><strong>dimm,</strong></span> <span class='ocrx_word' id='word_1_184' title='bbox 735 3003 972 3083; x_wconf 92' lang='lat' dir='ltr'><strong>interpolationis</strong></span> <span class='ocrx_word' id='word_1_185' title='bbox 994 3003 1126 3085; x_wconf 83' lang='lat' dir='ltr'><strong>suspicio</strong></span> <span class='ocrx_word' id='word_1_186' title='bbox 1141 3020 1180 3065; x_wconf 92' lang='lat' dir='ltr'><strong>ne</strong></span> <span class='ocrx_word' id='word_1_187' title='bbox 1195 3001 1344 3064; x_wconf 90' lang='lat' dir='ltr'><strong>minimum</strong></span> <span class='ocrx_word' id='word_1_188' title='bbox 1361 2998 1478 3083; x_wconf 86' lang='lat' dir='ltr'><strong>quidem</strong></span> 
     </span>
     <span class='ocr_line' id='line_1_25' title="bbox 350 3106 1478 3190; baseline -0.004 -17"><span class='ocrx_word' id='word_1_189' title='bbox 350 3110 464 3173; x_wconf 91' lang='lat' dir='ltr'><strong>mereri</strong></span> <span class='ocrx_word' id='word_1_190' title='bbox 486 3109 659 3190; x_wconf 86' lang='lat' dir='ltr'><strong>applausum</strong></span> <span class='ocrx_word' id='word_1_191' title='bbox 681 3107 813 3186; x_wconf 90' lang='lat' dir='ltr'><strong>videtur,</strong></span> <span class='ocrx_word' id='word_1_192' title='bbox 835 3106 984 3188; x_wconf 85' lang='lat' dir='ltr'><strong>planeque</strong></span> <span class='ocrx_word' id='word_1_193' title='bbox 1006 3122 1182 3187; x_wconf 90' lang='lat' dir='ltr'><strong>persuasum</strong></span> <span class='ocrx_word' id='word_1_194' title='bbox 1204 3106 1275 3167; x_wconf 85' lang='lat' dir='ltr'><strong>milri</strong></span> <span class='ocrx_word' id='word_1_195' title='bbox 1296 3113 1358 3185; x_wconf 88' lang='lat' dir='ltr'><strong>est,</strong></span> <span class='ocrx_word' id='word_1_196' title='bbox 1390 3106 1478 3168; x_wconf 90' lang='lat' dir='ltr'><strong>talem</strong></span> 
     </span>
     <span class='ocr_line' id='line_1_26' title="bbox 347 3208 1477 3298; baseline -0.001 -23"><span class='ocrx_word' id='word_1_197' title='bbox 347 3215 455 3298; x_wconf 89' lang='lat' dir='ltr'><strong>judieii</strong></span> <span class='ocrx_word' id='word_1_198' title='bbox 485 3213 718 3276; x_wconf 87' lang='lat' dir='ltr'><strong>mediocritatem</strong></span> <span class='ocrx_word' id='word_1_199' title='bbox 747 3230 807 3275; x_wconf 89' lang='lat' dir='ltr'><strong>non</strong></span> <span class='ocrx_word' id='word_1_200' title='bbox 837 3228 959 3274; x_wconf 90' lang='lat' dir='ltr'><strong>auream</strong></span> <span class='ocrx_word' id='word_1_201' title='bbox 985 3227 1064 3273; x_wconf 90' lang='lat' dir='ltr'><strong>esse.</strong></span> <span class='ocrx_word' id='word_1_202' title='bbox 1107 3210 1258 3291; x_wconf 83' lang='lat' dir='ltr'><strong>Epistulae</strong></span> <span class='ocrx_word' id='word_1_203' title='bbox 1279 3208 1384 3292; x_wconf 78' lang='lat' dir='ltr'><strong>ignatii</strong></span> <span class='ocrx_word' id='word_1_204' title='bbox 1408 3212 1477 3293; x_wconf 77' lang='lat' dir='ltr'><strong>sint,</strong></span> 
     </span>
     <span class='ocr_line' id='line_1_27' title="bbox 348 3313 779 3398; baseline -0.014 -15"><span class='ocrx_word' id='word_1_205' title='bbox 348 3313 779 3398; x_wconf 41' lang='lat' dir='ltr'><strong>mmmmm&amp;</strong></span> 
     </span>
    </p>

    <p class='ocr_par' dir='ltr' id='par_1_13' title="bbox 351 3418 1552 3712">
     <span class='ocr_line' id='line_1_28' title="bbox 440 3418 1476 3503; baseline -0.005 -19"><span class='ocrx_word' id='word_1_206' title='bbox 440 3422 511 3484; x_wconf 89' lang='lat' dir='ltr'><strong>lllll.</strong></span> <span class='ocrx_word' id='word_1_207' title='bbox 533 3420 731 3503; x_wconf 81' lang='lat' dir='ltr'><strong>Epistularum</strong></span> <span class='ocrx_word' id='word_1_208' title='bbox 743 3424 847 3481; x_wconf 88' lang='lat' dir='ltr'><strong>auctor</strong></span> <span class='ocrx_word' id='word_1_209' title='bbox 860 3418 963 3500; x_wconf 79' lang='lat' dir='ltr'><strong>graeci</strong></span> <span class='ocrx_word' id='word_1_210' title='bbox 978 3418 1126 3482; x_wconf 91' lang='lat' dir='ltr'><strong>sermonis</strong></span> <span class='ocrx_word' id='word_1_211' title='bbox 1138 3435 1197 3480; x_wconf 94' lang='lat' dir='ltr'><strong>non</strong></span> <span class='ocrx_word' id='word_1_212' title='bbox 1209 3418 1341 3499; x_wconf 90' lang='lat' dir='ltr'><strong>apprime</strong></span> <span class='ocrx_word' id='word_1_213' title='bbox 1354 3434 1476 3500; x_wconf 79' lang='lat' dir='ltr'><strong>gnarus,</strong></span> 
     </span>
     <span class='ocr_line' id='line_1_29' title="bbox 351 3522 1475 3607; baseline -0.006 -15"><span class='ocrx_word' id='word_1_214' title='bbox 351 3535 384 3593; x_wconf 92' lang='lat' dir='ltr'><strong>et</strong></span> <span class='ocrx_word' id='word_1_215' title='bbox 408 3526 538 3590; x_wconf 88' lang='lat' dir='ltr'><strong>ardentis</strong></span> <span class='ocrx_word' id='word_1_216' title='bbox 561 3525 660 3607; x_wconf 90' lang='lat' dir='ltr'><strong>polius</strong></span> <span class='ocrx_word' id='word_1_217' title='bbox 681 3523 770 3586; x_wconf 90' lang='lat' dir='ltr'><strong>animi</strong></span> <span class='ocrx_word' id='word_1_218' title='bbox 789 3522 926 3605; x_wconf 86' lang='lat' dir='ltr'><strong>impetus,</strong></span> <span class='ocrx_word' id='word_1_219' title='bbox 949 3541 1036 3604; x_wconf 87' lang='lat' dir='ltr'><strong>quom</strong></span> <span class='ocrx_word' id='word_1_220' title='bbox 1055 3522 1263 3604; x_wconf 78' lang='lat' dir='ltr'><strong>grammaticae</strong></span> <span class='ocrx_word' id='word_1_221' title='bbox 1280 3522 1401 3603; x_wconf 84' lang='lat' dir='ltr'><strong>regulas</strong></span> <span class='ocrx_word' id='word_1_222' title='bbox 1421 3539 1475 3585; x_wconf 93' lang='lat' dir='ltr'><strong>se-</strong></span> 
     </span>
     <span class='ocr_line' id='line_1_30' title="bbox 351 3625 1552 3712; baseline -0.005 -17"><span class='ocrx_word' id='word_1_223' title='bbox 351 3639 448 3711; x_wconf 84' lang='lat' dir='ltr'><strong>cutus,</strong></span> <span class='ocrx_word' id='word_1_224' title='bbox 471 3628 663 3712; x_wconf 89' lang='lat' dir='ltr'><strong>periodorum</strong></span> <span class='ocrx_word' id='word_1_225' title='bbox 679 3635 855 3692; x_wconf 81' lang='lat' dir='ltr'><strong>structuram</strong></span> <span class='ocrx_word' id='word_1_226' title='bbox 871 3645 932 3691; x_wconf 90' lang='lat' dir='ltr'><strong>nou</strong></span> <span class='ocrx_word' id='word_1_227' title='bbox 947 3625 1041 3690; x_wconf 91' lang='lat' dir='ltr'><strong>semel</strong></span> <span class='ocrx_word' id='word_1_228' title='bbox 1056 3625 1186 3706; x_wconf 85' lang='lat' dir='ltr'><strong>violavit,</strong></span> <span class='ocrx_word' id='word_1_229' title='bbox 1204 3625 1347 3688; x_wconf 89' lang='lat' dir='ltr'><strong>orationis</strong></span> <span class='ocrx_word' id='word_1_230' title='bbox 1365 3643 1476 3690; x_wconf 82' lang='lat' dir='ltr'><strong>nexum</strong></span> <span class='ocrx_word' id='word_1_231' title='bbox 1550 3647 1552 3651; x_wconf 52' lang='lat'><strong><em>¹</em></strong></span> 
     </span>
    </p>
   </div>
   <div class='ocr_carea' id='block_1_3' title="bbox 347 3849 1474 4437">
    <p class='ocr_par' dir='ltr' id='par_1_14' title="bbox 347 3849 1474 4437">
     <span class='ocr_line' id='line_1_31' title="bbox 388 3849 1474 3924; baseline -0.009 -15"><span class='ocrx_word' id='word_1_232' title='bbox 388 3857 415 3921; x_wconf 90' lang='lat'><strong>1)</strong></span> <span class='ocrx_word' id='word_1_233' title='bbox 435 3851 503 3924; x_wconf 70' lang='lat' dir='ltr'><strong>ug.</strong></span> <span class='ocrx_word' id='word_1_234' title='bbox 522 3870 537 3907; x_wconf 89' lang='lat' dir='ltr'><strong>tt</strong></span> <span class='ocrx_word' id='word_1_235' title='bbox 554 3857 685 3922; x_wconf 80' lang='lat' dir='ltr'><strong>Neandro,</strong></span> <span class='ocrx_word' id='word_1_236' title='bbox 701 3851 897 3920; x_wconf 78' lang='lat' dir='ltr'><strong>Kirchaugoselr.</strong></span> <span class='ocrx_word' id='word_1_237' title='bbox 926 3858 1016 3919; x_wconf 84' lang='lat' dir='ltr'><strong>putant</strong></span> <span class='ocrx_word' id='word_1_238' title='bbox 1051 3851 1170 3902; x_wconf 82' lang='lat' dir='ltr'><strong>versione</strong></span> <span class='ocrx_word' id='word_1_239' title='bbox 1200 3850 1322 3917; x_wconf 75' lang='lat' dir='ltr'><strong>Syriaca,</strong></span> <span class='ocrx_word' id='word_1_240' title='bbox 1357 3865 1372 3902; x_wconf 82' lang='lat' dir='ltr'><strong>a</strong></span> <span class='ocrx_word' id='word_1_241' title='bbox 1403 3849 1474 3903; x_wconf 72' lang='lat' dir='ltr'><strong>trust.</strong></span> 
     </span>
     <span class='ocr_line' id='line_1_32' title="bbox 349 3937 1140 4010; baseline -0.01 -16"><span class='ocrx_word' id='word_1_242' title='bbox 349 3940 378 3994; x_wconf 83' lang='grc' dir='ltr'><strong>Τ.</strong></span> <span class='ocrx_word' id='word_1_243' title='bbox 393 3941 412 3995; x_wconf 90' lang='lat'><strong>1.</strong></span> <span class='ocrx_word' id='word_1_244' title='bbox 430 3958 456 4010; x_wconf 93' lang='lat' dir='ltr'><strong>p.</strong></span> <span class='ocrx_word' id='word_1_245' title='bbox 471 3942 538 3993; x_wconf 81' lang='lat' dir='ltr'><strong>ttto</strong></span> <span class='ocrx_word' id='word_1_246' title='bbox 557 3950 583 3995; x_wconf 87' lang='lat' dir='ltr'><strong>ot</strong></span> <span class='ocrx_word' id='word_1_247' title='bbox 596 3957 611 3994; x_wconf 81' lang='lat' dir='ltr'><strong>a</strong></span> <span class='ocrx_word' id='word_1_248' title='bbox 623 3943 716 3996; x_wconf 71' lang='lat' dir='ltr'><strong>Netut&#39;o</strong></span> <span class='ocrx_word' id='word_1_249' title='bbox 728 3940 752 3992; x_wconf 87' lang='lat' dir='ltr'><strong>ln</strong></span> <span class='ocrx_word' id='word_1_250' title='bbox 767 3943 897 4005; x_wconf 84' lang='lat' dir='ltr'><strong>Uttmunn,</strong></span> <span class='ocrx_word' id='word_1_251' title='bbox 929 3942 1046 3994; x_wconf 69' lang='lat' dir='ltr'><strong>Curetum</strong></span> <span class='ocrx_word' id='word_1_252' title='bbox 1063 3937 1140 3988; x_wconf 83' lang='lat' dir='ltr'><strong>edita.</strong></span> 
     </span>
     <span class='ocr_line' id='line_1_33' title="bbox 349 4015 1473 4095; baseline -0.011 -15"><span class='ocrx_word' id='word_1_253' title='bbox 349 4027 457 4081; x_wconf 87' lang='lat' dir='ltr'><strong>Studien</strong></span> <span class='ocrx_word' id='word_1_254' title='bbox 475 4028 526 4080; x_wconf 88' lang='lat' dir='ltr'><strong>und</strong></span> <span class='ocrx_word' id='word_1_255' title='bbox 545 4026 606 4080; x_wconf 79' lang='lat' dir='ltr'><strong>ttrtt</strong></span> <span class='ocrx_word' id='word_1_256' title='bbox 631 4025 707 4077; x_wconf 83' lang='lat'><strong>18³5.</strong></span> <span class='ocrx_word' id='word_1_257' title='bbox 729 4041 755 4093; x_wconf 92' lang='lat' dir='ltr'><strong>p.</strong></span> <span class='ocrx_word' id='word_1_258' title='bbox 773 4025 822 4077; x_wconf 83' lang='grc'><strong>881</strong></span> <span class='ocrx_word' id='word_1_259' title='bbox 843 4042 897 4095; x_wconf 80' lang='lat' dir='ltr'><strong>sqq.</strong></span> <span class='ocrx_word' id='word_1_260' title='bbox 960 4023 989 4086; x_wconf 81' lang='lat'><strong>2)</strong></span> <span class='ocrx_word' id='word_1_261' title='bbox 1008 4021 1123 4087; x_wconf 71' lang='lat' dir='ltr'><strong>Mittor,</strong></span> <span class='ocrx_word' id='word_1_262' title='bbox 1141 4020 1234 4075; x_wconf 88' lang='lat' dir='ltr'><strong>Patrol.</strong></span> <span class='ocrx_word' id='word_1_263' title='bbox 1247 4020 1275 4074; x_wconf 85' lang='grc' dir='ltr'><strong>Τ.</strong></span> <span class='ocrx_word' id='word_1_264' title='bbox 1288 4015 1306 4073; x_wconf 86' lang='lat' dir='ltr'><strong>l.</strong></span> <span class='ocrx_word' id='word_1_265' title='bbox 1319 4037 1345 4089; x_wconf 94' lang='lat' dir='ltr'><strong>p.</strong></span> <span class='ocrx_word' id='word_1_266' title='bbox 1360 4020 1409 4072; x_wconf 81' lang='lat'><strong>125</strong></span> <span class='ocrx_word' id='word_1_267' title='bbox 1419 4034 1473 4086; x_wconf 88' lang='lat' dir='ltr'><strong>sqq.</strong></span> 
     </span>
     <span class='ocr_line' id='line_1_34' title="bbox 348 4102 1473 4182; baseline -0.012 -18"><span class='ocrx_word' id='word_1_268' title='bbox 348 4112 399 4175; x_wconf 84' lang='lat' dir='ltr'><strong>Qui</strong></span> <span class='ocrx_word' id='word_1_269' title='bbox 416 4114 550 4165; x_wconf 88' lang='lat' dir='ltr'><strong>breviores</strong></span> <span class='ocrx_word' id='word_1_270' title='bbox 568 4128 670 4182; x_wconf 86' lang='lat' dir='ltr'><strong>quoquo</strong></span> <span class='ocrx_word' id='word_1_271' title='bbox 689 4111 715 4163; x_wconf 86' lang='lat' dir='ltr'><strong>S.</strong></span> <span class='ocrx_word' id='word_1_272' title='bbox 729 4110 821 4180; x_wconf 72' lang='lat' dir='ltr'><strong>Ignatii</strong></span> <span class='ocrx_word' id='word_1_273' title='bbox 839 4113 898 4180; x_wconf 86' lang='lat' dir='ltr'><strong>epi·</strong></span> <span class='ocrx_word' id='word_1_274' title='bbox 961 4107 989 4171; x_wconf 82' lang='grc'><strong>3)</strong></span> <span class='ocrx_word' id='word_1_275' title='bbox 1008 4106 1109 4176; x_wconf 84' lang='lat' dir='ltr'><strong>Optima</strong></span> <span class='ocrx_word' id='word_1_276' title='bbox 1124 4110 1297 4175; x_wconf 72' lang='lat' dir='ltr'><strong>intepretatum</strong></span> <span class='ocrx_word' id='word_1_277' title='bbox 1315 4105 1401 4156; x_wconf 84' lang='lat' dir='ltr'><strong>harum</strong></span> <span class='ocrx_word' id='word_1_278' title='bbox 1415 4102 1473 4168; x_wconf 87' lang='lat' dir='ltr'><strong>epi-</strong></span> 
     </span>
     <span class='ocr_line' id='line_1_35' title="bbox 348 4185 1473 4267; baseline -0.011 -15"><span class='ocrx_word' id='word_1_279' title='bbox 348 4197 429 4252; x_wconf 84' lang='lat' dir='ltr'><strong>stolas</strong></span> <span class='ocrx_word' id='word_1_280' title='bbox 448 4199 613 4267; x_wconf 87' lang='lat' dir='ltr'><strong>interpolatas</strong></span> <span class='ocrx_word' id='word_1_281' title='bbox 631 4205 736 4265; x_wconf 81' lang='lat' dir='ltr'><strong>putant,</strong></span> <span class='ocrx_word' id='word_1_282' title='bbox 755 4198 898 4250; x_wconf 83' lang='lat' dir='ltr'><strong>novissimis</strong></span> <span class='ocrx_word' id='word_1_283' title='bbox 924 4194 1046 4245; x_wconf 85' lang='lat' dir='ltr'><strong>stolarum</strong></span> <span class='ocrx_word' id='word_1_284' title='bbox 1065 4193 1179 4246; x_wconf 79' lang='lat' dir='ltr'><strong>defendit</strong></span> <span class='ocrx_word' id='word_1_285' title='bbox 1197 4191 1388 4252; x_wconf 78' lang='lat' dir='ltr'><strong>Daiaterdieelr,</strong></span> <span class='ocrx_word' id='word_1_286' title='bbox 1414 4185 1431 4235; x_wconf 83' lang='lat' dir='ltr'><strong>l·</strong></span> <span class='ocrx_word' id='word_1_287' title='bbox 1449 4200 1473 4236; x_wconf 80' lang='lat' dir='ltr'><strong>tt·</strong></span> 
     </span>
     <span class='ocr_line' id='line_1_36' title="bbox 347 4280 1086 4352; baseline -0.007 -16"><span class='ocrx_word' id='word_1_288' title='bbox 347 4284 440 4337; x_wconf 81' lang='lat' dir='ltr'><strong>diebus</strong></span> <span class='ocrx_word' id='word_1_289' title='bbox 476 4284 656 4338; x_wconf 84' lang='lat' dir='ltr'><strong>validissimum</strong></span> <span class='ocrx_word' id='word_1_290' title='bbox 697 4283 898 4352; x_wconf 79' lang='lat' dir='ltr'><strong>interpolationis</strong></span> <span class='ocrx_word' id='word_1_291' title='bbox 923 4296 949 4348; x_wconf 88' lang='lat' dir='ltr'><strong>p.</strong></span> <span class='ocrx_word' id='word_1_292' title='bbox 967 4280 1003 4332; x_wconf 79' lang='lat'><strong>80</strong></span> <span class='ocrx_word' id='word_1_293' title='bbox 1019 4296 1086 4350; x_wconf 69' lang='lat' dir='ltr'><strong>sqq.</strong></span> 
     </span>
     <span class='ocr_line' id='line_1_37' title="bbox 347 4369 897 4437; baseline -0.002 -15"><span class='ocrx_word' id='word_1_294' title='bbox 347 4369 473 4437; x_wconf 84' lang='lat' dir='ltr'><strong>ejusmodl</strong></span> <span class='ocrx_word' id='word_1_295' title='bbox 506 4369 677 4425; x_wconf 80' lang='lat' dir='ltr'><strong>testimonium</strong></span> <span class='ocrx_word' id='word_1_296' title='bbox 708 4383 737 4421; x_wconf 83' lang='lat' dir='ltr'><strong>se</strong></span> <span class='ocrx_word' id='word_1_297' title='bbox 765 4377 897 4423; x_wconf 80' lang='lat' dir='ltr'><strong>msoutos</strong></span> 
     </span>
    </p>
   </div>
   <div class='ocr_carea' id='block_1_4' title="bbox 0 0 1834 5209">
    <p class='ocr_par' dir='ltr' id='par_1_15' title="bbox 0 0 1834 5209">
     <span class='ocr_line' id='line_1_38' title="bbox 0 0 1834 5209; baseline 0 8"><span class='ocrx_word' id='word_1_298' title='bbox 0 0 1834 5209; x_wconf 95' lang='lat' dir='ltr'><strong> </strong></span> 
     </span>
    </p>
   </div>
  </div>
 </body>
</html>
