3659 5209
646 561 827 617 annuatur
846 562 1013 617 untsrotn.
1042 567 1084 621 Vl.
1389 574 1430 641 13

294 722 477 801 mirabilis,
501 725 689 805 quemfecit
710 724 874 786 Dominus.
923 724 929 763 ¹
950 725 1116 808 Simplicius
1140 728 1225 791 vobis
1249 730 1365 810 scribo,
1397 736 1429 794 ut

296 829 490 912 intelligatis,
524 848 601 913 ego,
631 826 886 911 ²purgarnentunr
917 836 1036 893 vestrae
1066 834 1203 895 caritatis.
1249 833 1324 905 Quid
1353 852 1426 899 vero

295 953 392 1017 porro
418 934 489 997 dicit
511 933 681 1015 propheto?
728 932 889 996 ¹0bscrlit
917 955 963 995 ine
992 936 1155 998 concilium
1185 938 1425 1017 molipnontium,

297 1035 598 1101 ¹circnmclcderunt
619 1059 666 1100 irre
688 1040 770 1101 sicu't
792 1058 867 1118 opos
883 1038 1002 1116 sonum,
1028 1046 1056 1101 cl
1074 1038 1189 1119 ⁵supcr·
1207 1049 1427 1105 conterraneum

235 1162 239 1167 ·
300 1145 449 1206 miserunt
471 1150 594 1205 sortem.
633 1144 729 1216 Quum
752 1143 843 1226 igitur
868 1145 895 1205 in
920 1141 1036 1207 ⁶cucne
1060 1152 1141 1207 cssct
1166 1140 1373 1227 ¹eppnriturus
1399 1154 1427 1211 et

235 1282 242 1303 ·.
298 1265 454 1328 passurus,
476 1255 714 1329 praemonstrata
739 1254 785 1309 est
807 1248 900 1328 ipsius
921 1250 1030 1330 passio.
1065 1248 1137 1310 Nam
1156 1250 1184 1311 in
1201 1248 1342 1312 lsraelem
1359 1250 1428 1313 (linit

295 1353 462 1434 propbeta:
485 1347 567 1414 ⁸ooo
591 1352 714 1412 oriimoe
737 1370 853 1427 (tubum,
878 1354 952 1433 quio
972 1354 1138 1431 pessimum
1162 1354 1328 1416 consilium
1345 1356 1427 1417 irie·

294 1464 374 1517 runt
388 1458 543 1519 aduersus
556 1457 749 1534 semetipsos,
775 1457 929 1519 dicentes:
952 1459 1114 1537 nllipcmus
1125 1460 1256 1536 J'ustum,
1282 1459 1428 1538 quonium

235 1598 238 1621 ι
293 1562 447 1624 molestus
469 1560 558 1623 nobis
582 1568 636 1622 cst.
683 1555 768 1625 ⁹Seu
792 1568 823 1622 et
845 1561 947 1623 Moses
972 1563 1041 1623 dicit
1065 1562 1100 1625 acl
1126 1563 1207 1625 illos:
1236 1558 1342 1625 ¹⁰acce
1365 1564 1427 1625 isto

235 1700 237 1727 ε
293 1666 343 1728 uit
363 1666 521 1729 Dominus
536 1666 639 1728 Deua:
661 1665 776 1727 intrato
801 1666 833 1727 in
856 1674 971 1727 terram
992 1666 1113 1742 bonam,
1138 1685 1228 1746 quom
1245 1669 1426 1745 juramento

235 1800 240 1823 ι
292 1770 444 1848 promisit
465 1770 620 1832 Dominus
646 1768 793 1831 Abroboo
815 1778 846 1830 et
867 1770 962 1832 Iscroc
984 1780 1012 1832 ct
1036 1771 1133 1833 Jacob
1144 1793 1155 1845 ;
1189 1769 1210 1808 ¹¹
1226 1780 1256 1833 et
1277 1781 1311 1833 ut
1334 1773 1424 1834 bero·

294 1876 427 1937 ditotem
445 1876 602 1955 possideto
626 1894 711 1950 cam,
745 1884 860 1936 terrum
880 1875 1025 1952 fluentem
1053 1876 1132 1937 luc-to
1155 1884 1184 1936 ct
1205 1877 1301 1937 ruello.
1346 1877 1424 1952 Quid

294 1978 374 2041 dicat
402 1975 426 2016 ¹¹
442 1980 594 2062 cognitio,
618 1979 739 2042 discite:
762 1989 905 2057 sperono,
936 1978 959 2017 ¹¹
976 1981 1085 2059 inquil,
1110 1981 1141 2039 in.
1164 1981 1289 2058 terunt,
1313 1984 1366 2062 qui
1391 1984 1423 2045 in

235 2117 242 2147 ·.
293 2104 394 2147 corno
416 2083 668 2163 manifestandus
692 2094 738 2146 ost
760 2084 860 2146 nobis.
907 2081 1040 2146 ΜΗοιηο
1065 2085 1142 2146 enini
1167 2091 1212 2145 ost
1234 2091 1322 2162 terra,
1346 2106 1422 2166 quae

235 2228 239 2233 -
293 2190 404 2271 patitur
411 2208 422 2265 3
447 2208 487 2251 ex
509 2189 672 2252 substantia
696 2189 773 2250 enirn
798 2195 895 2253 terrae
920 2190 1064 2252 formatus
1088 2197 1133 2250 est
1157 2189 1257 2252 Atiam.
1309 2190 1331 2229 ¹⁵
1346 2192 1422 2265 Ouid

235 2352 239 2363 ,
293 2312 371 2378 ergo
396 2293 482 2356 dicit:
506 2296 535 2359 in
559 2302 673 2357 terram
696 2295 816 2370 bonum,
841 2296 920 2356 locta
942 2315 980 2356 uc
1004 2294 1090 2354 urtella
1112 2291 1279 2369 brentam?
1322 2295 1422 2358 Bene-

235 2434 247 2469 .
295 2398 394 2461 dietus
416 2399 456 2461 sit
479 2399 622 2461 Dominus
647 2405 767 2478 noster,
799 2400 848 2480 qui
870 2400 1045 2481 sapientiam
1070 2404 1099 2459 et
1122 2395 1342 2477 intelligentiam
1366 2416 1424 2460 oc-

235 2556 245 2575 .
294 2505 443 2567 cultorum
467 2522 589 2567 suorum
613 2506 711 2585 posuit
734 2506 763 2566 in
783 2505 878 2568 nobis.
913 2506 990 2566 Dicit
1007 2504 1083 2566 enim
1098 2501 1260 2584 propheta:
1289 2498 1422 2581 ¹⁶pora-

235 2646 247 2679 a
295 2608 397 2673 bolom
418 2607 547 2671 Domini
570 2611 640 2689 quis
664 2609 823 2689 iutellipct,
848 2611 911 2672 nisi
935 2610 1065 2688 sopiens
1087 2617 1116 2670 et
1136 2609 1268 2687 peritus,
1296 2615 1325 2667 et
1348 2607 1424 2668 dili-

235 2752 242 2779 ,
294 2734 370 2795 pons
392 2714 562 2777 Dominum
583 2715 698 2775 suurn?
743 2714 796 2776 Ubi
821 2716 911 2797 igitur
934 2732 989 2776 nus
1018 2707 1214 2775 “renovavit
1238 2730 1293 2793 per
1315 2712 1426 2773 remis·

239 2848 252 2857 ·
296 2820 411 2883 tionem
435 2825 635 2899 peecatorum,
659 2818 767 2898 ellecit,
791 2826 822 2881 ut
843 2821 928 2882 aliani
947 2819 1069 2882 formam
1088 2818 1276 2893 haberemus,
1300 2816 1425 2879 animam

235 2956 251 2995 ,·
297 2942 404 3005 nempe
431 2918 456 2959 ¹⁸
467 2941 628 3004 puerorum
652 2923 753 3001 instar,
777 2929 879 3005 utpote
895 2924 945 3004 qui
962 2930 991 2985 et
1010 2917 1150 3004 ¹⁹spiritu
1167 2939 1222 2985 nos
1238 2920 1423 2991 reformavit,

242 3072 245 3081 .
298 3026 368 3091 llam
393 3027 432 3090 de
456 3028 542 3089 nobis
566 3027 710 3107 scriptura
736 3027 821 3105 dicit,
852 3028 995 3108 loquente
1019 3034 1102 3108 patre
1126 3026 1163 3089 ad
1187 3026 1294 3088 lilium:
1328 3021 1423 3104 ¹⁰so·

235 3166 251 3199 .;
301 3132 417 3195 domm
439 3132 592 3194 bominem
615 3132 658 3193 od
681 3132 843 3211 imopincm
865 3141 894 3192 ct
910 3134 954 3193 od
969 3132 1201 3194 similitudinem
1215 3139 1370 3205 nostrum3
1394 3140 1425 3194 ot

301 3239 440 3315 praesint
461 3235 569 3298 bestiis
592 3244 706 3312 terroe,
730 3245 760 3298 ot
782 3237 963 3299 volutilibus
986 3238 1080 3314 coeli,
1105 3246 1135 3298 et
1155 3237 1297 3316 piscibus
1318 3239 1423 3301 moris.

336 3444 379 3513 13)
399 3443 494 3507 Φησὶν,
513 3440 569 3509 γάρ,
588 3442 631 3503 εἰς,
653 3443 846 3507 ausinianum,
875 3443 995 3507 notabat,
1021 3459 1086 3495 nunc
1108 3444 1138 3512 2)
1158 3446 1424 3509 Obriationor,

241 3554 253 3587 ι
308 3532 403 3583 latitem
428 3530 560 3599 (monente
580 3532 698 3596 Divisio)
717 3547 749 3582 ex
768 3529 846 3581 Clem.
873 3533 1190 3597 possntootornnr
1209 3539 1370 3584 rossoton
1391 3559 1423 3571 -

235 3640 257 3677 ς
310 3612 483 3683 Alexandrino,
509 3633 564 3670 cum
584 3627 610 3669 et
628 3625 702 3668 vetus
722 3618 847 3683 interpres
874 3631 969 3684 pueros
989 3616 1037 3667 Dei
1056 3618 1144 3668 innuit.

252 3722 264 3759 a
312 3699 338 3752 ila
352 3702 452 3772 legerit.
485 3708 492 3718 '
911 3703 955 3767 16)
986 3704 1057 3755 llaec
1086 3703 1166 3756 verba
1197 3704 1221 3754 in
1249 3701 1318 3754 libris
1345 3705 1424 3757 sacris

235 3782 268 3851 ‚rs
339 3788 382 3858 11)
398 3788 482 3842 llomo
500 3792 558 3859 quin
577 3808 591 3844 a
608 3800 702 3844 terra
719 3798 756 3842 est
772 3806 846 3841 crea·
859 3808 862 3817 ·
874 3790 965 3842 frustra
985 3798 1146 3859 quaerentur.
1175 3789 1270 3841 Similia
1290 3798 1425 3843 occurrunt

314 3880 354 3940 lun,
369 3876 427 3929 ideo
440 3876 552 3929 Christus
564 3878 702 3930 secundum
716 3877 847 3927 humanam
859 3836 862 3911 ¹
875 3878 929 3930 lsai.
948 3878 990 3941 tu,
1013 3877 1050 3929 13.
1087 3876 1161 3930 Prov.
1182 3876 1206 3941 1,
1226 3877 1251 3927 6.
1287 3881 1399 3929 Porrus.

859 3918 862 3991 l

316 3974 372 4015 turm
395 3972 510 4016 naturam
534 3974 647 4018 terras
671 3972 755 4030 potest
774 3978 862 4019 conr·¹
911 3963 956 4032 17)
975 3963 1091 4031 Particip.
1111 3979 1157 4030 pro
1175 3963 1277 4015 indicat.
1297 3961 1422 4016 ute.19.

235 4058 272 4119 ,t
317 4052 393 4111 nnn.
605 4050 608 4055 “
859 4030 900 4102 fet
919 4053 1020 4118 saepius
1039 4050 1105 4118 apud
1125 4049 1220 4102 Patres.

235 4167 271 4207 fl.
345 4136 383 4201 15)
399 4137 463 4199 Heio
475 4138 562 4206 incipit
575 4137 686 4190 secunda
700 4137 748 4188 loci
762 4136 846 4188 biblici
860 4106 862 4175 b
911 4138 955 4205 18)
965 4135 1204 4199 blsmmbtonmale.
1216 4134 1422 4185 HnabtooDnvre.

238 4253 269 4295 μ
323 4214 446 4289 11133,
466 4223 488 4276 1.
508 4226 684 4292 interpretatio
710 4192 862 4290 allegorica!
911 4225 955 4288 19)
967 4224 1011 4275 lls.
1019 4219 1328 4286 brantanoope'uom‚male.
1338 4210 1422 4267 Πνεὺ-

242 4329 285 4387 1.·
325 4311 485 4376 *11011θῶ
515 4312 681 4365 Perraibia
696 4309 723 4375 1)
743 4296 933 4376 primum¹puu
952 4312 1061 4363 restituit
1078 4309 1164 4361 Fellus
1183 4323 1215 4358 ex
1233 4307 1337 4371 interpr.
1356 4301 1398 4352 lat

328 4384 433 4449 1111111111
458 4400 596 4452 Obrieti
621 4406 780 4450 rtuturom
798 4372 863 4464 (lo-l
909 4396 956 4463 20)
976 4396 1037 4449 Gen.
1057 4396 1088 4460 1,
1108 4395 1150 4448 26.
