<?xml version="1.0" encoding="UTF-8"?>
<!DOCTYPE html PUBLIC "-//W3C//DTD XHTML 1.0 Transitional//EN"
    "http://www.w3.org/TR/xhtml1/DTD/xhtml1-transitional.dtd">
<html xmlns="http://www.w3.org/1999/xhtml" xml:lang="en" lang="en">
 <head>
  <title>
</title>
<meta http-equiv="Content-Type" content="text/html;charset=utf-8" />
  <meta name='ocr-system' content='tesseract 3.04.00' />
  <meta name='ocr-capabilities' content='ocr_page ocr_carea ocr_par ocr_line ocrx_word'/>
</head>
<body>
  <div class='ocr_page' id='page_1' title='image "./patrumapostolic00hefegoog_0091.png"; bbox 0 0 3659 5209; ppageno 0'>
   <div class='ocr_carea' id='block_1_1' title="bbox 286 514 1418 629">
    <p class='ocr_par' dir='ltr' id='par_1_1' title="bbox 286 514 1418 629">
     <span class='ocr_line' id='line_1_1' title="bbox 286 514 1418 629; baseline 0.003 -20"><span class='ocrx_word' id='word_1_1' title='bbox 286 553 333 629; x_wconf 81' lang='lat' dir='ltr'>no</span> <span class='ocrx_word' id='word_1_2' title='bbox 354 514 573 623; x_wconf 82' lang='lat' dir='ltr'>moeneruu]</span> <span class='ocrx_word' id='word_1_3' title='bbox 723 525 980 607; x_wconf 81' lang='lat' dir='ltr'>rnoreoo‘uann.</span> <span class='ocrx_word' id='word_1_4' title='bbox 1300 556 1418 612; x_wconf 77' lang='lat' dir='ltr'>emur</span> 
     </span>
    </p>
   </div>
   <div class='ocr_carea' id='block_1_2' title="bbox 285 713 1418 1425">
    <p class='ocr_par' dir='ltr' id='par_1_2' title="bbox 285 713 1418 1425">
     <span class='ocr_line' id='line_1_2' title="bbox 286 713 1418 781; baseline 0.002 -1"><span class='ocrx_word' id='word_1_5' title='bbox 286 716 399 780; x_wconf 90' lang='lat' dir='ltr'>acriter</span> <span class='ocrx_word' id='word_1_6' title='bbox 428 714 486 777; x_wconf 90' lang='lat' dir='ltr'>illis</span> <span class='ocrx_word' id='word_1_7' title='bbox 517 713 642 778; x_wconf 90' lang='lat' dir='ltr'>inlestos</span> <span class='ocrx_word' id='word_1_8' title='bbox 674 714 816 776; x_wconf 88' lang='lat' dir='ltr'>videmus.</span> <span class='ocrx_word' id='word_1_9' title='bbox 861 714 1040 776; x_wconf 89' lang='lat' dir='ltr'>Praesertim</span> <span class='ocrx_word' id='word_1_10' title='bbox 1063 713 1192 778; x_wconf 73' lang='lat' dir='ltr'>cerinthi</span> <span class='ocrx_word' id='word_1_11' title='bbox 1221 716 1355 781; x_wconf 89' lang='lat' dir='ltr'>haeresis</span> <span class='ocrx_word' id='word_1_12' title='bbox 1388 724 1418 781; x_wconf 89' lang='lat' dir='ltr'>et</span> 
     </span>
     <span class='ocr_line' id='line_1_3' title="bbox 287 819 1415 903; baseline 0.004 -21"><span class='ocrx_word' id='word_1_13' title='bbox 287 820 455 882; x_wconf 74' lang='lat' dir='ltr'>doctrinam</span> <span class='ocrx_word' id='word_1_14' title='bbox 490 827 519 882; x_wconf 90' lang='lat' dir='ltr'>et</span> <span class='ocrx_word' id='word_1_15' title='bbox 552 819 710 881; x_wconf 87' lang='lat' dir='ltr'>ecelesiam</span> <span class='ocrx_word' id='word_1_16' title='bbox 740 819 930 881; x_wconf 72' lang='lat' dir='ltr'>christianam</span> <span class='ocrx_word' id='word_1_17' title='bbox 962 821 991 881; x_wconf 90' lang='lat' dir='ltr'>in</span> <span class='ocrx_word' id='word_1_18' title='bbox 1023 821 1187 901; x_wconf 91' lang='lat' dir='ltr'>periculum</span> <span class='ocrx_word' id='word_1_19' title='bbox 1217 825 1352 903; x_wconf 80' lang='lat' dir='ltr'>vocarit,</span> <span class='ocrx_word' id='word_1_20' title='bbox 1384 831 1415 888; x_wconf 88' lang='lat' dir='ltr'>et</span> 
     </span>
     <span class='ocr_line' id='line_1_4' title="bbox 287 924 1416 1009; baseline 0.004 -21"><span class='ocrx_word' id='word_1_21' title='bbox 287 927 387 988; x_wconf 91' lang='lat' dir='ltr'>cuncti</span> <span class='ocrx_word' id='word_1_22' title='bbox 409 925 533 1004; x_wconf 85' lang='lat' dir='ltr'>fideles,</span> <span class='ocrx_word' id='word_1_23' title='bbox 559 927 685 987; x_wconf 87' lang='lat' dir='ltr'>maxime</span> <span class='ocrx_word' id='word_1_24' title='bbox 709 926 841 1006; x_wconf 88' lang='lat' dir='ltr'>episcopi</span> <span class='ocrx_word' id='word_1_25' title='bbox 864 932 894 986; x_wconf 93' lang='lat' dir='ltr'>et</span> <span class='ocrx_word' id='word_1_26' title='bbox 917 924 1066 986; x_wconf 89' lang='lat' dir='ltr'>ecclesiae</span> <span class='ocrx_word' id='word_1_27' title='bbox 1090 925 1248 1004; x_wconf 88' lang='lat' dir='ltr'>doctores,</span> <span class='ocrx_word' id='word_1_28' title='bbox 1271 935 1302 988; x_wconf 93' lang='lat' dir='ltr'>ut</span> <span class='ocrx_word' id='word_1_29' title='bbox 1324 928 1416 1009; x_wconf 83' lang='lat' dir='ltr'>lgna-</span> 
     </span>
     <span class='ocr_line' id='line_1_5' title="bbox 287 1030 1416 1112; baseline 0.006 -22"><span class='ocrx_word' id='word_1_30' title='bbox 287 1030 347 1092; x_wconf 90' lang='lat' dir='ltr'>tius</span> <span class='ocrx_word' id='word_1_31' title='bbox 365 1030 579 1108; x_wconf 80' lang='lat' dir='ltr'>Aritiochenus,</span> <span class='ocrx_word' id='word_1_32' title='bbox 603 1031 782 1111; x_wconf 84' lang='lat' dir='ltr'>Polycarpus</span> <span class='ocrx_word' id='word_1_33' title='bbox 806 1038 836 1092; x_wconf 89' lang='lat' dir='ltr'>et</span> <span class='ocrx_word' id='word_1_34' title='bbox 858 1037 961 1092; x_wconf 91' lang='lat' dir='ltr'>auctor</span> <span class='ocrx_word' id='word_1_35' title='bbox 979 1031 1125 1112; x_wconf 85' lang='lat' dir='ltr'>epistolae</span> <span class='ocrx_word' id='word_1_36' title='bbox 1144 1039 1248 1094; x_wconf 87' lang='lat' dir='ltr'>sancto</span> <span class='ocrx_word' id='word_1_37' title='bbox 1265 1033 1416 1098; x_wconf 81' lang='lat' dir='ltr'>Barnabae</span> 
     </span>
     <span class='ocr_line' id='line_1_6' title="bbox 289 1133 1416 1218; baseline 0.007 -24"><span class='ocrx_word' id='word_1_38' title='bbox 289 1133 466 1215; x_wconf 84' lang='lat' dir='ltr'>adscriptae,</span> <span class='ocrx_word' id='word_1_39' title='bbox 494 1134 601 1196; x_wconf 93' lang='lat' dir='ltr'>bellum</span> <span class='ocrx_word' id='word_1_40' title='bbox 626 1141 729 1196; x_wconf 90' lang='lat' dir='ltr'>contra</span> <span class='ocrx_word' id='word_1_41' title='bbox 751 1133 900 1196; x_wconf 88' lang='lat' dir='ltr'>Judaistas</span> <span class='ocrx_word' id='word_1_42' title='bbox 923 1136 1011 1197; x_wconf 88' lang='lat' dir='ltr'>valde</span> <span class='ocrx_word' id='word_1_43' title='bbox 1034 1137 1089 1196; x_wconf 92' lang='lat' dir='ltr'>sibi</span> <span class='ocrx_word' id='word_1_44' title='bbox 1113 1136 1251 1218; x_wconf 83' lang='lat' dir='ltr'>religioni</span> <span class='ocrx_word' id='word_1_45' title='bbox 1274 1137 1416 1202; x_wconf 85' lang='lat' dir='ltr'>habuere.</span> 
     </span>
     <span class='ocr_line' id='line_1_7' title="bbox 287 1237 1418 1322; baseline 0.004 -22"><span class='ocrx_word' id='word_1_46' title='bbox 287 1238 429 1300; x_wconf 83' lang='lat' dir='ltr'>Nonnulli</span> <span class='ocrx_word' id='word_1_47' title='bbox 459 1239 488 1299; x_wconf 90' lang='lat' dir='ltr'>in</span> <span class='ocrx_word' id='word_1_48' title='bbox 519 1237 728 1320; x_wconf 84' lang='lat' dir='ltr'>impugnandis</span> <span class='ocrx_word' id='word_1_49' title='bbox 750 1238 872 1300; x_wconf 85' lang='lat' dir='ltr'>ludaeis</span> <span class='ocrx_word' id='word_1_50' title='bbox 903 1241 985 1321; x_wconf 94' lang='lat' dir='ltr'>ipsos</span> <span class='ocrx_word' id='word_1_51' title='bbox 1015 1241 1123 1304; x_wconf 91' lang='lat' dir='ltr'>limites</span> <span class='ocrx_word' id='word_1_52' title='bbox 1151 1243 1285 1322; x_wconf 89' lang='lat' dir='ltr'>justitiae</span> <span class='ocrx_word' id='word_1_53' title='bbox 1318 1249 1418 1304; x_wconf 90' lang='lat' dir='ltr'>trans·</span> 
     </span>
     <span class='ocr_line' id='line_1_8' title="bbox 285 1344 1417 1425; baseline 0.004 -20"><span class='ocrx_word' id='word_1_54' title='bbox 285 1345 387 1425; x_wconf 88' lang='lat' dir='ltr'>gressi</span> <span class='ocrx_word' id='word_1_55' title='bbox 411 1351 440 1404; x_wconf 93' lang='lat' dir='ltr'>et</span> <span class='ocrx_word' id='word_1_56' title='bbox 462 1362 522 1404; x_wconf 91' lang='lat' dir='ltr'>non</span> <span class='ocrx_word' id='word_1_57' title='bbox 546 1344 642 1406; x_wconf 92' lang='lat' dir='ltr'>solum</span> <span class='ocrx_word' id='word_1_58' title='bbox 667 1363 792 1405; x_wconf 85' lang='lat' dir='ltr'>errores</span> <span class='ocrx_word' id='word_1_59' title='bbox 813 1344 1005 1422; x_wconf 81' lang='lat' dir='ltr'>ludaeorum,</span> <span class='ocrx_word' id='word_1_60' title='bbox 1029 1345 1083 1407; x_wconf 91' lang='lat' dir='ltr'>sed</span> <span class='ocrx_word' id='word_1_61' title='bbox 1107 1348 1194 1408; x_wconf 92' lang='lat' dir='ltr'>etiam</span> <span class='ocrx_word' id='word_1_62' title='bbox 1218 1348 1417 1410; x_wconf 83' lang='lat' dir='ltr'>institutiones</span> 
     </span>
    </p>
   </div>
   <div class='ocr_carea' id='block_1_3' title="bbox 286 1447 1418 1529">
    <p class='ocr_par' dir='ltr' id='par_1_3' title="bbox 286 1447 1418 1529">
     <span class='ocr_line' id='line_1_9' title="bbox 286 1447 1418 1529; baseline 0.002 -19"><span class='ocrx_word' id='word_1_63' title='bbox 286 1467 303 1510; x_wconf 92' lang='lat' dir='ltr'>a</span> <span class='ocrx_word' id='word_1_64' title='bbox 326 1448 397 1510; x_wconf 89' lang='lat' dir='ltr'>Deo</span> <span class='ocrx_word' id='word_1_65' title='bbox 421 1448 598 1526; x_wconf 88' lang='lat' dir='ltr'>adornatas,</span> <span class='ocrx_word' id='word_1_66' title='bbox 626 1447 899 1527; x_wconf 89' lang='lat' dir='ltr'>circumcisionem,</span> <span class='ocrx_word' id='word_1_67' title='bbox 923 1452 1061 1529; x_wconf 91' lang='lat' dir='ltr'>sabbata,</span> <span class='ocrx_word' id='word_1_68' title='bbox 1085 1450 1231 1513; x_wconf 83' lang='lat' dir='ltr'>sacrificia</span> <span class='ocrx_word' id='word_1_69' title='bbox 1254 1457 1310 1512; x_wconf 92' lang='lat' dir='ltr'>ete.</span> <span class='ocrx_word' id='word_1_70' title='bbox 1336 1453 1418 1513; x_wconf 89' lang='lat' dir='ltr'>vitu-</span> 
     </span>
    </p>
   </div>
   <div class='ocr_carea' id='block_1_4' title="bbox 283 1553 1416 1742">
    <p class='ocr_par' dir='ltr' id='par_1_4' title="bbox 283 1553 1416 1742">
     <span class='ocr_line' id='line_1_10' title="bbox 285 1553 1416 1637; baseline 0.004 -23"><span class='ocrx_word' id='word_1_71' title='bbox 285 1572 396 1635; x_wconf 89' lang='lat' dir='ltr'>perare</span> <span class='ocrx_word' id='word_1_72' title='bbox 421 1561 450 1615; x_wconf 91' lang='lat' dir='ltr'>et</span> <span class='ocrx_word' id='word_1_73' title='bbox 472 1553 692 1635; x_wconf 84' lang='lat' dir='ltr'>superstitionis</span> <span class='ocrx_word' id='word_1_74' title='bbox 715 1572 858 1615; x_wconf 89' lang='lat' dir='ltr'>accusare</span> <span class='ocrx_word' id='word_1_75' title='bbox 881 1557 944 1616; x_wconf 89' lang='lat' dir='ltr'>ausi</span> <span class='ocrx_word' id='word_1_76' title='bbox 967 1563 1036 1617; x_wconf 90' lang='lat' dir='ltr'>sunt</span> <span class='ocrx_word' id='word_1_77' title='bbox 1062 1553 1108 1637; x_wconf 90' lang='lat' dir='ltr'>(e.</span> <span class='ocrx_word' id='word_1_78' title='bbox 1133 1575 1162 1636; x_wconf 89' lang='lat' dir='ltr'>g.</span> <span class='ocrx_word' id='word_1_79' title='bbox 1188 1555 1313 1637; x_wconf 90' lang='lat' dir='ltr'>epistola</span> <span class='ocrx_word' id='word_1_80' title='bbox 1339 1555 1416 1618; x_wconf 82' lang='lat' dir='ltr'>Rar-</span> 
     </span>
     <span class='ocr_line' id='line_1_11' title="bbox 283 1655 1416 1742; baseline 0.004 -23"><span class='ocrx_word' id='word_1_81' title='bbox 283 1655 412 1740; x_wconf 86' lang='lat' dir='ltr'>nabae).</span> <span class='ocrx_word' id='word_1_82' title='bbox 457 1658 596 1723; x_wconf 88' lang='lat' dir='ltr'>Secundo</span> <span class='ocrx_word' id='word_1_83' title='bbox 620 1665 716 1722; x_wconf 88' lang='lat' dir='ltr'>aulem</span> <span class='ocrx_word' id='word_1_84' title='bbox 740 1659 817 1721; x_wconf 86' lang='lat' dir='ltr'>bello</span> <span class='ocrx_word' id='word_1_85' title='bbox 841 1658 965 1722; x_wconf 83' lang='lat' dir='ltr'>ludaico</span> <span class='ocrx_word' id='word_1_86' title='bbox 996 1667 1116 1742; x_wconf 90' lang='lat' dir='ltr'>peracto</span> <span class='ocrx_word' id='word_1_87' title='bbox 1148 1660 1257 1723; x_wconf 92' lang='lat' dir='ltr'>nullum</span> <span class='ocrx_word' id='word_1_88' title='bbox 1290 1662 1416 1741; x_wconf 90' lang='lat' dir='ltr'>amplius</span> 
     </span>
    </p>
   </div>
   <div class='ocr_carea' id='block_1_5' title="bbox 282 1763 1526 1847">
    <p class='ocr_par' dir='ltr' id='par_1_5' title="bbox 282 1763 1526 1847">
     <span class='ocr_line' id='line_1_12' title="bbox 282 1763 1526 1847; baseline 0.004 -21"><span class='ocrx_word' id='word_1_89' title='bbox 282 1763 486 1826; x_wconf 90' lang='lat' dir='ltr'>Judaistarum</span> <span class='ocrx_word' id='word_1_90' title='bbox 518 1765 681 1847; x_wconf 86' lang='lat' dir='ltr'>perieulum</span> <span class='ocrx_word' id='word_1_91' title='bbox 708 1763 817 1843; x_wconf 88' lang='lat' dir='ltr'>adluit,</span> <span class='ocrx_word' id='word_1_92' title='bbox 848 1765 977 1847; x_wconf 87' lang='lat' dir='ltr'>ideoque</span> <span class='ocrx_word' id='word_1_93' title='bbox 999 1766 1168 1828; x_wconf 89' lang='lat' dir='ltr'>vehementi</span> <span class='ocrx_word' id='word_1_94' title='bbox 1191 1766 1246 1827; x_wconf 92' lang='lat' dir='ltr'>ista</span> <span class='ocrx_word' id='word_1_95' title='bbox 1270 1763 1414 1827; x_wconf 89' lang='lat' dir='ltr'>Judaismi</span> <span class='ocrx_word' id='word_1_96' title='bbox 1520 1820 1526 1831; x_wconf 84' lang='lat'>.</span> 
     </span>
    </p>
   </div>
   <div class='ocr_carea' id='block_1_6' title="bbox 282 1869 1414 3423">
    <p class='ocr_par' dir='ltr' id='par_1_6' title="bbox 282 1869 1414 3004">
     <span class='ocr_line' id='line_1_13' title="bbox 283 1869 1414 1952; baseline 0.001 -21"><span class='ocrx_word' id='word_1_97' title='bbox 283 1871 509 1952; x_wconf 78' lang='lat' dir='ltr'>impugnatione</span> <span class='ocrx_word' id='word_1_98' title='bbox 542 1869 698 1933; x_wconf 88' lang='lat' dir='ltr'>desinente</span> <span class='ocrx_word' id='word_1_99' title='bbox 728 1871 825 1951; x_wconf 89' lang='lat' dir='ltr'>prisca</span> <span class='ocrx_word' id='word_1_100' title='bbox 857 1870 904 1930; x_wconf 91' lang='lat' dir='ltr'>illa</span> <span class='ocrx_word' id='word_1_101' title='bbox 941 1876 971 1930; x_wconf 89' lang='lat' dir='ltr'>et</span> <span class='ocrx_word' id='word_1_102' title='bbox 1002 1871 1164 1949; x_wconf 92' lang='lat' dir='ltr'>apostolica</span> <span class='ocrx_word' id='word_1_103' title='bbox 1197 1870 1311 1932; x_wconf 88' lang='lat' dir='ltr'>veteris</span> <span class='ocrx_word' id='word_1_104' title='bbox 1344 1869 1414 1932; x_wconf 90' lang='lat' dir='ltr'>loe·</span> 
     </span>
     <span class='ocr_line' id='line_1_14' title="bbox 283 1973 1413 2057; baseline 0 -20"><span class='ocrx_word' id='word_1_105' title='bbox 283 1975 368 2037; x_wconf 91' lang='lat' dir='ltr'>deris</span> <span class='ocrx_word' id='word_1_106' title='bbox 392 1977 556 2037; x_wconf 89' lang='lat' dir='ltr'>aestimatio</span> <span class='ocrx_word' id='word_1_107' title='bbox 587 1975 664 2055; x_wconf 92' lang='lat' dir='ltr'>apud</span> <span class='ocrx_word' id='word_1_108' title='bbox 695 1974 881 2035; x_wconf 85' lang='lat' dir='ltr'>orthodoxos</span> <span class='ocrx_word' id='word_1_109' title='bbox 904 1975 1005 2034; x_wconf 88' lang='lat' dir='ltr'>Patres</span> <span class='ocrx_word' id='word_1_110' title='bbox 1034 1973 1139 2051; x_wconf 88' lang='lat' dir='ltr'>rediit,</span> <span class='ocrx_word' id='word_1_111' title='bbox 1172 1975 1311 2055; x_wconf 91' lang='lat' dir='ltr'>imprimis</span> <span class='ocrx_word' id='word_1_112' title='bbox 1335 1973 1413 2057; x_wconf 90' lang='lat' dir='ltr'>apud</span> 
     </span>
     <span class='ocr_line' id='line_1_15' title="bbox 283 2077 1413 2158; baseline -0.004 -12"><span class='ocrx_word' id='word_1_113' title='bbox 283 2081 315 2146; x_wconf 88' lang='lat' dir='ltr'>S.</span> <span class='ocrx_word' id='word_1_114' title='bbox 333 2080 490 2141; x_wconf 91' lang='lat' dir='ltr'>Justinum.</span> <span class='ocrx_word' id='word_1_115' title='bbox 520 2079 612 2138; x_wconf 91' lang='lat' dir='ltr'>lmmo</span> <span class='ocrx_word' id='word_1_116' title='bbox 637 2077 741 2139; x_wconf 90' lang='lat' dir='ltr'>iisdem</span> <span class='ocrx_word' id='word_1_117' title='bbox 766 2077 957 2157; x_wconf 90' lang='lat' dir='ltr'>temporibus,</span> <span class='ocrx_word' id='word_1_118' title='bbox 977 2078 1037 2158; x_wconf 86' lang='lat' dir='ltr'>jam</span> <span class='ocrx_word' id='word_1_119' title='bbox 1061 2083 1128 2138; x_wconf 88' lang='lat' dir='ltr'>ante</span> <span class='ocrx_word' id='word_1_120' title='bbox 1147 2085 1174 2138; x_wconf 93' lang='lat' dir='ltr'>et</span> <span class='ocrx_word' id='word_1_121' title='bbox 1191 2080 1268 2140; x_wconf 90' lang='lat' dir='ltr'>circa</span> <span class='ocrx_word' id='word_1_122' title='bbox 1286 2079 1413 2143; x_wconf 89' lang='lat' dir='ltr'>medium</span> 
     </span>
     <span class='ocr_line' id='line_1_16' title="bbox 284 2181 1412 2263; baseline 0.001 -16"><span class='ocrx_word' id='word_1_123' title='bbox 284 2184 424 2248; x_wconf 90' lang='lat' dir='ltr'>seculum</span> <span class='ocrx_word' id='word_1_124' title='bbox 447 2181 620 2258; x_wconf 78' lang='lat' dir='ltr'>secundum,</span> <span class='ocrx_word' id='word_1_125' title='bbox 645 2181 804 2244; x_wconf 85' lang='lat' dir='ltr'>orthodoxi</span> <span class='ocrx_word' id='word_1_126' title='bbox 827 2181 927 2244; x_wconf 90' lang='lat' dir='ltr'>Patres</span> <span class='ocrx_word' id='word_1_127' title='bbox 949 2182 1145 2243; x_wconf 86' lang='lat' dir='ltr'>institutiones</span> <span class='ocrx_word' id='word_1_128' title='bbox 1158 2183 1293 2263; x_wconf 85' lang='lat' dir='ltr'>judaicas</span> <span class='ocrx_word' id='word_1_129' title='bbox 1309 2194 1412 2249; x_wconf 89' lang='lat' dir='ltr'>contra</span> 
     </span>
     <span class='ocr_line' id='line_1_17' title="bbox 285 2285 1412 2369; baseline 0.002 -19"><span class='ocrx_word' id='word_1_130' title='bbox 285 2286 713 2367; x_wconf 81' lang='lat' dir='ltr'>Gnosticos,&#39;Carpoeratem,</span> <span class='ocrx_word' id='word_1_131' title='bbox 736 2286 909 2365; x_wconf 81' lang='lat' dir='ltr'>Basiliden,</span> <span class='ocrx_word' id='word_1_132' title='bbox 936 2285 1076 2369; x_wconf 91' lang='lat' dir='ltr'>Ophitas‚</span> <span class='ocrx_word' id='word_1_133' title='bbox 1104 2287 1286 2366; x_wconf 87' lang='lat' dir='ltr'>potissimum</span> <span class='ocrx_word' id='word_1_134' title='bbox 1309 2297 1412 2353; x_wconf 88' lang='lat' dir='ltr'>eontra</span> 
     </span>
     <span class='ocr_line' id='line_1_18' title="bbox 282 2390 1413 2472; baseline -0.003 -14"><span class='ocrx_word' id='word_1_135' title='bbox 282 2395 477 2458; x_wconf 87' lang='lat' dir='ltr'>Marcionitas</span> <span class='ocrx_word' id='word_1_136' title='bbox 509 2392 672 2455; x_wconf 78' lang='lat' dir='ltr'>defendere</span> <span class='ocrx_word' id='word_1_137' title='bbox 702 2399 732 2454; x_wconf 91' lang='lat' dir='ltr'>et</span> <span class='ocrx_word' id='word_1_138' title='bbox 761 2393 887 2467; x_wconf 89' lang='lat' dir='ltr'>divinam</span> <span class='ocrx_word' id='word_1_139' title='bbox 911 2411 1013 2454; x_wconf 90' lang='lat' dir='ltr'>earum</span> <span class='ocrx_word' id='word_1_140' title='bbox 1038 2391 1185 2472; x_wconf 86' lang='lat' dir='ltr'>originem</span> <span class='ocrx_word' id='word_1_141' title='bbox 1209 2390 1413 2454; x_wconf 89' lang='lat' dir='ltr'>demonstrare</span> 
     </span>
     <span class='ocr_line' id='line_1_19' title="bbox 282 2495 1413 2579; baseline -0.005 -15"><span class='ocrx_word' id='word_1_142' title='bbox 282 2500 374 2564; x_wconf 88' lang='lat' dir='ltr'>valde</span> <span class='ocrx_word' id='word_1_143' title='bbox 406 2499 608 2560; x_wconf 89' lang='lat' dir='ltr'>necessarium</span> <span class='ocrx_word' id='word_1_144' title='bbox 638 2504 785 2579; x_wconf 89' lang='lat' dir='ltr'>putarunt.</span> <span class='ocrx_word' id='word_1_145' title='bbox 830 2497 877 2560; x_wconf 80' lang='lat' dir='ltr'>Ex</span> <span class='ocrx_word' id='word_1_146' title='bbox 908 2498 993 2560; x_wconf 90' lang='lat' dir='ltr'>dictis</span> <span class='ocrx_word' id='word_1_147' title='bbox 1021 2503 1162 2579; x_wconf 89' lang='lat' dir='ltr'>apparet,</span> <span class='ocrx_word' id='word_1_148' title='bbox 1194 2495 1348 2577; x_wconf 89' lang='lat' dir='ltr'>epistolam</span> <span class='ocrx_word' id='word_1_149' title='bbox 1376 2495 1413 2558; x_wconf 89' lang='lat' dir='ltr'>ad</span> 
     </span>
     <span class='ocr_line' id='line_1_20' title="bbox 283 2600 1413 2685; baseline -0.004 -17"><span class='ocrx_word' id='word_1_150' title='bbox 283 2607 477 2685; x_wconf 82' lang='lat' dir='ltr'>Diognetum,</span> <span class='ocrx_word' id='word_1_151' title='bbox 502 2623 589 2684; x_wconf 92' lang='lat' dir='ltr'>quum</span> <span class='ocrx_word' id='word_1_152' title='bbox 612 2622 672 2664; x_wconf 90' lang='lat' dir='ltr'>non</span> <span class='ocrx_word' id='word_1_153' title='bbox 696 2605 792 2666; x_wconf 91' lang='lat' dir='ltr'>solum</span> <span class='ocrx_word' id='word_1_154' title='bbox 815 2605 1056 2683; x_wconf 82' lang='lat' dir='ltr'>superstitiones</span> <span class='ocrx_word' id='word_1_155' title='bbox 1078 2601 1233 2678; x_wconf 81' lang='lat' dir='ltr'>JudaicaS,</span> <span class='ocrx_word' id='word_1_156' title='bbox 1257 2600 1309 2662; x_wconf 90' lang='lat' dir='ltr'>sed</span> <span class='ocrx_word' id='word_1_157' title='bbox 1334 2601 1413 2682; x_wconf 87' lang='lat' dir='ltr'>ipsas</span> 
     </span>
     <span class='ocr_line' id='line_1_21' title="bbox 284 2705 1413 2792; baseline -0.002 -20"><span class='ocrx_word' id='word_1_158' title='bbox 284 2712 415 2772; x_wconf 77' lang='lat' dir='ltr'>divinos</span> <span class='ocrx_word' id='word_1_159' title='bbox 445 2710 558 2771; x_wconf 86' lang='lat' dir='ltr'>veteris</span> <span class='ocrx_word' id='word_1_160' title='bbox 589 2707 720 2770; x_wconf 81' lang='lat' dir='ltr'>foederis</span> <span class='ocrx_word' id='word_1_161' title='bbox 750 2712 948 2773; x_wconf 87' lang='lat' dir='ltr'>institutiones</span> <span class='ocrx_word' id='word_1_162' title='bbox 976 2712 1128 2792; x_wconf 85' lang='lat' dir='ltr'>impugnet</span> <span class='ocrx_word' id='word_1_163' title='bbox 1149 2705 1194 2790; x_wconf 89' lang='lat'>¹),</span> <span class='ocrx_word' id='word_1_164' title='bbox 1227 2725 1286 2768; x_wconf 94' lang='lat' dir='ltr'>non</span> <span class='ocrx_word' id='word_1_165' title='bbox 1310 2713 1413 2770; x_wconf 91' lang='lat' dir='ltr'>sancto</span> 
     </span>
     <span class='ocr_line' id='line_1_22' title="bbox 283 2813 1414 2898; baseline -0.004 -20"><span class='ocrx_word' id='word_1_166' title='bbox 283 2816 410 2878; x_wconf 85' lang='lat' dir='ltr'>Justtnn</span> <span class='ocrx_word' id='word_1_167' title='bbox 429 2814 672 2891; x_wconf 89' lang='lat' dir='ltr'>adscribendam,</span> <span class='ocrx_word' id='word_1_168' title='bbox 702 2814 756 2877; x_wconf 90' lang='lat' dir='ltr'>sed</span> <span class='ocrx_word' id='word_1_169' title='bbox 788 2817 879 2898; x_wconf 90' lang='lat' dir='ltr'>priori</span> <span class='ocrx_word' id='word_1_170' title='bbox 909 2815 949 2877; x_wconf 89' lang='lat' dir='ltr'>illi</span> <span class='ocrx_word' id='word_1_171' title='bbox 981 2815 1106 2897; x_wconf 89' lang='lat' dir='ltr'>tempori</span> <span class='ocrx_word' id='word_1_172' title='bbox 1137 2815 1215 2876; x_wconf 90' lang='lat' dir='ltr'>inter</span> <span class='ocrx_word' id='word_1_173' title='bbox 1236 2813 1361 2894; x_wconf 90' lang='lat' dir='ltr'>primum</span> <span class='ocrx_word' id='word_1_174' title='bbox 1385 2816 1414 2874; x_wconf 86' lang='lat' dir='ltr'>et</span> 
     </span>
     <span class='ocr_line' id='line_1_23' title="bbox 285 2919 1090 3004; baseline -0.002 -21"><span class='ocrx_word' id='word_1_175' title='bbox 285 2920 451 2984; x_wconf 92' lang='lat' dir='ltr'>secundum</span> <span class='ocrx_word' id='word_1_176' title='bbox 475 2919 583 2983; x_wconf 90' lang='lat' dir='ltr'>bellum</span> <span class='ocrx_word' id='word_1_177' title='bbox 603 2919 754 3001; x_wconf 89' lang='lat' dir='ltr'>judaicum</span> <span class='ocrx_word' id='word_1_178' title='bbox 778 2921 987 3004; x_wconf 84' lang='lat' dir='ltr'>assignandam</span> <span class='ocrx_word' id='word_1_179' title='bbox 1012 2940 1090 2982; x_wconf 89' lang='lat' dir='ltr'>esse.</span> 
     </span>
    </p>

    <p class='ocr_par' dir='ltr' id='par_1_7' title="bbox 283 3021 1412 3423">
     <span class='ocr_line' id='line_1_24' title="bbox 372 3021 1412 3108; baseline -0.002 -21"><span class='ocrx_word' id='word_1_180' title='bbox 372 3025 541 3103; x_wconf 88' lang='lat' dir='ltr'>Praeterea,</span> <span class='ocrx_word' id='word_1_181' title='bbox 565 3032 596 3086; x_wconf 91' lang='lat' dir='ltr'>ut</span> <span class='ocrx_word' id='word_1_182' title='bbox 615 3025 646 3086; x_wconf 89' lang='lat' dir='ltr'>V.</span> <span class='ocrx_word' id='word_1_183' title='bbox 669 3023 700 3086; x_wconf 86' lang='lat' dir='ltr'>C.</span> <span class='ocrx_word' id='word_1_184' title='bbox 723 3026 860 3087; x_wconf 88' lang='lat' dir='ltr'>Semisch</span> <span class='ocrx_word' id='word_1_185' title='bbox 885 3024 923 3108; x_wconf 84' lang='lat' dir='ltr'>(l.</span> <span class='ocrx_word' id='word_1_186' title='bbox 941 3045 966 3088; x_wconf 94' lang='lat' dir='ltr'>c.</span> <span class='ocrx_word' id='word_1_187' title='bbox 983 3045 1009 3107; x_wconf 92' lang='lat' dir='ltr'>p.</span> <span class='ocrx_word' id='word_1_188' title='bbox 1029 3021 1110 3108; x_wconf 64' lang='lat'>119)</span> <span class='ocrx_word' id='word_1_189' title='bbox 1133 3031 1243 3103; x_wconf 89' lang='lat' dir='ltr'>monet,</span> <span class='ocrx_word' id='word_1_190' title='bbox 1267 3022 1412 3104; x_wconf 90' lang='lat' dir='ltr'>epistolae</span> 
     </span>
     <span class='ocr_line' id='line_1_25' title="bbox 284 3128 1410 3211; baseline -0.004 -15"><span class='ocrx_word' id='word_1_191' title='bbox 284 3140 406 3196; x_wconf 90' lang='lat' dir='ltr'>nostrae</span> <span class='ocrx_word' id='word_1_192' title='bbox 429 3138 534 3194; x_wconf 89' lang='lat' dir='ltr'>auctor</span> <span class='ocrx_word' id='word_1_193' title='bbox 557 3129 642 3190; x_wconf 90' lang='lat' dir='ltr'>aliter</span> <span class='ocrx_word' id='word_1_194' title='bbox 658 3148 692 3191; x_wconf 91' lang='lat' dir='ltr'>ac</span> <span class='ocrx_word' id='word_1_195' title='bbox 708 3129 841 3194; x_wconf 85' lang='lat' dir='ltr'>lustinus</span> <span class='ocrx_word' id='word_1_196' title='bbox 859 3130 896 3192; x_wconf 91' lang='lat' dir='ltr'>de</span> <span class='ocrx_word' id='word_1_197' title='bbox 915 3130 1079 3193; x_wconf 88' lang='lat' dir='ltr'>idololatria</span> <span class='ocrx_word' id='word_1_198' title='bbox 1096 3131 1232 3211; x_wconf 89' lang='lat' dir='ltr'>disputat.</span> <span class='ocrx_word' id='word_1_199' title='bbox 1276 3128 1410 3192; x_wconf 82' lang='lat' dir='ltr'>lustinus</span> 
     </span>
     <span class='ocr_line' id='line_1_26' title="bbox 284 3231 1410 3320; baseline -0.006 -19"><span class='ocrx_word' id='word_1_200' title='bbox 284 3240 363 3301; x_wconf 91' lang='lat' dir='ltr'>enim</span> <span class='ocrx_word' id='word_1_201' title='bbox 380 3255 563 3320; x_wconf 87' lang='lat' dir='ltr'>paganorum</span> <span class='ocrx_word' id='word_1_202' title='bbox 577 3234 651 3297; x_wconf 88' lang='lat' dir='ltr'>deos</span> <span class='ocrx_word' id='word_1_203' title='bbox 667 3236 787 3316; x_wconf 90' lang='lat' dir='ltr'>spiritus</span> <span class='ocrx_word' id='word_1_204' title='bbox 800 3244 879 3318; x_wconf 93' lang='lat' dir='ltr'>putat</span> <span class='ocrx_word' id='word_1_205' title='bbox 891 3237 1013 3298; x_wconf 87' lang='lat' dir='ltr'>realiter</span> <span class='ocrx_word' id='word_1_206' title='bbox 1029 3235 1191 3297; x_wconf 87' lang='lat' dir='ltr'>existentes</span> <span class='ocrx_word' id='word_1_207' title='bbox 1207 3231 1410 3317; x_wconf 83' lang='lat' dir='ltr'>(doemones)</span> 
     </span>
     <span class='ocr_line' id='line_1_27' title="bbox 283 3338 1410 3423; baseline -0.006 -17"><span class='ocrx_word' id='word_1_208' title='bbox 283 3364 319 3407; x_wconf 90' lang='lat' dir='ltr'>ac</span> <span class='ocrx_word' id='word_1_209' title='bbox 354 3346 383 3405; x_wconf 92' lang='lat' dir='ltr'>in</span> <span class='ocrx_word' id='word_1_210' title='bbox 417 3343 520 3405; x_wconf 91' lang='lat' dir='ltr'>statuis</span> <span class='ocrx_word' id='word_1_211' title='bbox 556 3341 792 3423; x_wconf 88' lang='lat' dir='ltr'>imaginibusque</span> <span class='ocrx_word' id='word_1_212' title='bbox 826 3345 889 3405; x_wconf 89' lang='lat' dir='ltr'>suis</span> <span class='ocrx_word' id='word_1_213' title='bbox 921 3359 1130 3420; x_wconf 86' lang='lat' dir='ltr'>nonnunquam</span> <span class='ocrx_word' id='word_1_214' title='bbox 1165 3338 1345 3416; x_wconf 86' lang='lat' dir='ltr'>habitantes,</span> <span class='ocrx_word' id='word_1_215' title='bbox 1379 3345 1410 3400; x_wconf 93' lang='lat' dir='ltr'>ut</span> 
     </span>
    </p>
   </div>
   <div class='ocr_carea' id='block_1_7' title="bbox 283 3443 1500 3529">
    <p class='ocr_par' dir='ltr' id='par_1_8' title="bbox 283 3443 1500 3529">
     <span class='ocr_line' id='line_1_28' title="bbox 283 3443 1500 3529; baseline -0.007 -18"><span class='ocrx_word' id='word_1_216' title='bbox 283 3449 435 3511; x_wconf 92' lang='lat' dir='ltr'>hominum</span> <span class='ocrx_word' id='word_1_217' title='bbox 459 3447 608 3528; x_wconf 88' lang='lat' dir='ltr'>excipiant</span> <span class='ocrx_word' id='word_1_218' title='bbox 630 3447 726 3509; x_wconf 93' lang='lat' dir='ltr'>oblata</span> <span class='ocrx_word' id='word_1_219' title='bbox 744 3443 793 3529; x_wconf 55' lang='grc' dir='ltr'>Ἰ);</span> <span class='ocrx_word' id='word_1_220' title='bbox 825 3448 936 3510; x_wconf 85' lang='lat' dir='ltr'>Noster</span> <span class='ocrx_word' id='word_1_221' title='bbox 966 3464 1058 3523; x_wconf 89' lang='lat' dir='ltr'>vero,</span> <span class='ocrx_word' id='word_1_222' title='bbox 1090 3445 1164 3506; x_wconf 92' lang='lat' dir='ltr'>tales</span> <span class='ocrx_word' id='word_1_223' title='bbox 1197 3447 1316 3526; x_wconf 91' lang='lat' dir='ltr'>spiritus</span> <span class='ocrx_word' id='word_1_224' title='bbox 1349 3461 1409 3505; x_wconf 94' lang='lat' dir='ltr'>non</span> <span class='ocrx_word' id='word_1_225' title='bbox 1498 3499 1500 3502; x_wconf 77' lang='grc'>,</span> 
     </span>
    </p>
   </div>
   <div class='ocr_carea' id='block_1_8' title="bbox 283 3547 1409 3741">
    <p class='ocr_par' dir='ltr' id='par_1_9' title="bbox 283 3547 1409 3741">
     <span class='ocr_line' id='line_1_29' title="bbox 283 3547 1409 3636; baseline -0.006 -18"><span class='ocrx_word' id='word_1_226' title='bbox 283 3572 474 3636; x_wconf 90' lang='lat' dir='ltr'>agnoscens,</span> <span class='ocrx_word' id='word_1_227' title='bbox 505 3552 547 3615; x_wconf 92' lang='lat' dir='ltr'>nil</span> <span class='ocrx_word' id='word_1_228' title='bbox 577 3553 633 3616; x_wconf 89' lang='lat' dir='ltr'>nisi</span> <span class='ocrx_word' id='word_1_229' title='bbox 664 3553 759 3636; x_wconf 88' lang='lat' dir='ltr'>ligna,</span> <span class='ocrx_word' id='word_1_230' title='bbox 789 3553 902 3634; x_wconf 86' lang='lat' dir='ltr'>lapides</span> <span class='ocrx_word' id='word_1_231' title='bbox 935 3558 964 3614; x_wconf 89' lang='lat' dir='ltr'>et</span> <span class='ocrx_word' id='word_1_232' title='bbox 990 3550 1104 3613; x_wconf 88' lang='lat' dir='ltr'>metalla</span> <span class='ocrx_word' id='word_1_233' title='bbox 1128 3568 1143 3612; x_wconf 91' lang='lat' dir='ltr'>a</span> <span class='ocrx_word' id='word_1_234' title='bbox 1167 3549 1326 3630; x_wconf 87' lang='lat' dir='ltr'>gentilibus</span> <span class='ocrx_word' id='word_1_235' title='bbox 1350 3547 1409 3611; x_wconf 91' lang='lat' dir='ltr'>coli</span> 
     </span>
     <span class='ocr_line' id='line_1_30' title="bbox 284 3655 495 3741; baseline -0.019 -18"><span class='ocrx_word' id='word_1_236' title='bbox 284 3659 439 3723; x_wconf 89' lang='lat' dir='ltr'>contendit</span> <span class='ocrx_word' id='word_1_237' title='bbox 454 3655 495 3741; x_wconf 86' lang='lat'>³).</span> 
     </span>
    </p>
   </div>
   <div class='ocr_carea' id='block_1_9' title="bbox 248 3874 1408 4038">
    <p class='ocr_par' dir='ltr' id='par_1_10' title="bbox 248 3874 1408 4038">
     <span class='ocr_line' id='line_1_31' title="bbox 248 3874 1408 3952; baseline -0.002 -18"><span class='ocrx_word' id='word_1_238' title='bbox 248 3874 251 3879; x_wconf 58' lang='grc'>’</span> <span class='ocrx_word' id='word_1_239' title='bbox 321 3884 349 3948; x_wconf 88' lang='grc'>1)</span> <span class='ocrx_word' id='word_1_240' title='bbox 370 3881 421 3934; x_wconf 84' lang='lat' dir='ltr'>Cir.</span> <span class='ocrx_word' id='word_1_241' title='bbox 435 3899 500 3951; x_wconf 83' lang='lat' dir='ltr'>quae</span> <span class='ocrx_word' id='word_1_242' title='bbox 512 3884 654 3935; x_wconf 85' lang='lat' dir='ltr'>monuimus</span> <span class='ocrx_word' id='word_1_243' title='bbox 671 3884 695 3935; x_wconf 94' lang='lat' dir='ltr'>in</span> <span class='ocrx_word' id='word_1_244' title='bbox 708 3883 834 3952; x_wconf 78' lang='lat' dir='ltr'>lubinger</span> <span class='ocrx_word' id='word_1_245' title='bbox 861 3899 886 3950; x_wconf 92' lang='lat' dir='ltr'>p.</span> <span class='ocrx_word' id='word_1_246' title='bbox 907 3883 941 3934; x_wconf 89' lang='lat'>50</span> <span class='ocrx_word' id='word_1_247' title='bbox 960 3885 996 3950; x_wconf 83' lang='lat' dir='ltr'>(p.</span> <span class='ocrx_word' id='word_1_248' title='bbox 1016 3878 1111 3945; x_wconf 81' lang='lat'>59⁰).</span> <span class='ocrx_word' id='word_1_249' title='bbox 1143 3878 1215 3948; x_wconf 78' lang='lat' dir='ltr'>Apol.</span> <span class='ocrx_word' id='word_1_250' title='bbox 1233 3879 1270 3950; x_wconf 91' lang='lat' dir='ltr'>tt,</span> <span class='ocrx_word' id='word_1_251' title='bbox 1290 3882 1315 3934; x_wconf 88' lang='lat'>5.</span> <span class='ocrx_word' id='word_1_252' title='bbox 1336 3900 1361 3952; x_wconf 91' lang='lat' dir='ltr'>p.</span> <span class='ocrx_word' id='word_1_253' title='bbox 1374 3881 1408 3934; x_wconf 78' lang='lat'>92</span> 
     </span>
     <span class='ocr_line' id='line_1_32' title="bbox 283 3968 1012 4038; baseline -0.003 -16"><span class='ocrx_word' id='word_1_254' title='bbox 283 3969 475 4034; x_wconf 84' lang='lat' dir='ltr'>Quartalschrilt</span> <span class='ocrx_word' id='word_1_255' title='bbox 495 3970 569 4021; x_wconf 86' lang='grc'><strong>1846.</strong></span> <span class='ocrx_word' id='word_1_256' title='bbox 594 3987 618 4038; x_wconf 93' lang='lat' dir='ltr'>p.</span> <span class='ocrx_word' id='word_1_257' title='bbox 638 3972 689 4022; x_wconf 88' lang='grc'>465</span> <span class='ocrx_word' id='word_1_258' title='bbox 717 3978 743 4020; x_wconf 87' lang='lat' dir='ltr'>et</span> <span class='ocrx_word' id='word_1_259' title='bbox 767 3987 832 4038; x_wconf 91' lang='lat' dir='ltr'>quae</span> <span class='ocrx_word' id='word_1_260' title='bbox 860 3971 900 4037; x_wconf 89' lang='lat' dir='ltr'>(p.</span> <span class='ocrx_word' id='word_1_261' title='bbox 919 3970 953 4021; x_wconf 91' lang='grc'>44</span> <span class='ocrx_word' id='word_1_262' title='bbox 972 3968 1012 4036; x_wconf 81' lang='grc' dir='ltr'>Β).</span> 
     </span>
    </p>
   </div>
   <div class='ocr_carea' id='block_1_10' title="bbox 259 4046 1407 4551">
    <p class='ocr_par' dir='ltr' id='par_1_11' title="bbox 259 4046 1407 4551">
     <span class='ocr_line' id='line_1_33' title="bbox 283 4046 1407 4129; baseline -0.007 -19"><span class='ocrx_word' id='word_1_263' title='bbox 283 4067 374 4110; x_wconf 90' lang='lat' dir='ltr'>contra</span> <span class='ocrx_word' id='word_1_264' title='bbox 406 4073 453 4108; x_wconf 87' lang='lat' dir='ltr'>nos</span> <span class='ocrx_word' id='word_1_265' title='bbox 490 4046 638 4126; x_wconf 76' lang='lat' dir='ltr'>disputavit</span> <span class='ocrx_word' id='word_1_266' title='bbox 656 4062 831 4129; x_wconf 79' lang='lat' dir='ltr'>lloffrnaaaua</span> <span class='ocrx_word' id='word_1_267' title='bbox 895 4056 923 4121; x_wconf 89' lang='grc'>3)</span> <span class='ocrx_word' id='word_1_268' title='bbox 948 4055 996 4124; x_wconf 89' lang='lat' dir='ltr'>Ep.</span> <span class='ocrx_word' id='word_1_269' title='bbox 1020 4055 1051 4108; x_wconf 90' lang='lat' dir='ltr'>ad</span> <span class='ocrx_word' id='word_1_270' title='bbox 1077 4055 1168 4124; x_wconf 85' lang='lat' dir='ltr'>Dioge.</span> <span class='ocrx_word' id='word_1_271' title='bbox 1195 4072 1217 4108; x_wconf 92' lang='lat' dir='ltr'>c.</span> <span class='ocrx_word' id='word_1_272' title='bbox 1237 4056 1260 4108; x_wconf 87' lang='lat'>2.</span> <span class='ocrx_word' id='word_1_273' title='bbox 1285 4054 1407 4106; x_wconf 72' lang='lat' dir='ltr'>&#39;Uberius</span> 
     </span>
     <span class='ocr_line' id='line_1_34' title="bbox 281 4138 1407 4214; baseline -0.02 -4"><span class='ocrx_word' id='word_1_274' title='bbox 281 4148 299 4200; x_wconf 86' lang='lat' dir='ltr'>l·</span> <span class='ocrx_word' id='word_1_275' title='bbox 320 4162 389 4214; x_wconf 87' lang='lat' dir='ltr'>c.·p.</span> <span class='ocrx_word' id='word_1_276' title='bbox 410 4144 433 4195; x_wconf 86' lang='lat'>5·</span> <span class='ocrx_word' id='word_1_277' title='bbox 860 4145 893 4197; x_wconf 87' lang='lat' dir='ltr'>dc</span> <span class='ocrx_word' id='word_1_278' title='bbox 922 4143 972 4194; x_wconf 91' lang='lat' dir='ltr'>boc</span> <span class='ocrx_word' id='word_1_279' title='bbox 999 4152 1147 4211; x_wconf 88' lang='lat' dir='ltr'>argumento</span> <span class='ocrx_word' id='word_1_280' title='bbox 1173 4142 1354 4209; x_wconf 83' lang='lat' dir='ltr'>disputavimus</span> <span class='ocrx_word' id='word_1_281' title='bbox 1382 4138 1407 4187; x_wconf 89' lang='lat' dir='ltr'>in</span> 
     </span>
     <span class='ocr_line' id='line_1_35' title="bbox 859 4223 1405 4300; baseline -0.022 -17"><span class='ocrx_word' id='word_1_282' title='bbox 859 4231 967 4300; x_wconf 88' lang='lat' dir='ltr'>Tiibing.</span> <span class='ocrx_word' id='word_1_283' title='bbox 987 4229 1179 4293; x_wconf 81' lang='lat' dir='ltr'>Quartalscbrilt</span> <span class='ocrx_word' id='word_1_284' title='bbox 1203 4227 1277 4278; x_wconf 80' lang='lat' dir='ltr'>tato.</span> <span class='ocrx_word' id='word_1_285' title='bbox 1303 4240 1327 4290; x_wconf 85' lang='lat' dir='ltr'>p.</span> <span class='ocrx_word' id='word_1_286' title='bbox 1346 4223 1405 4273; x_wconf 89' lang='grc'><strong>464.</strong></span> 
     </span>
     <span class='ocr_line' id='line_1_36' title="bbox 259 4297 1404 4389; baseline -0.015 -14"><span class='ocrx_word' id='word_1_287' title='bbox 259 4297 265 4314; x_wconf 46' lang='lat'>⁸</span> <span class='ocrx_word' id='word_1_288' title='bbox 304 4321 348 4384; x_wconf 48' lang='grc' dir='ltr'>Ἰ2)</span> <span class='ocrx_word' id='word_1_289' title='bbox 367 4318 457 4372; x_wconf 90' lang='lat' dir='ltr'>Justini</span> <span class='ocrx_word' id='word_1_290' title='bbox 476 4319 549 4389; x_wconf 82' lang='lat' dir='ltr'>hpol.</span> <span class='ocrx_word' id='word_1_291' title='bbox 571 4317 588 4383; x_wconf 91' lang='lat' dir='ltr'>l,</span> <span class='ocrx_word' id='word_1_292' title='bbox 605 4315 629 4369; x_wconf 89' lang='lat'>5.</span> <span class='ocrx_word' id='word_1_293' title='bbox 648 4333 673 4384; x_wconf 92' lang='lat' dir='ltr'>p.</span> <span class='ocrx_word' id='word_1_294' title='bbox 693 4315 726 4366; x_wconf 87' lang='grc'>46</span> <span class='ocrx_word' id='word_1_295' title='bbox 745 4319 782 4384; x_wconf 82' lang='grc' dir='ltr'>(ρ.</span> <span class='ocrx_word' id='word_1_296' title='bbox 799 4317 832 4368; x_wconf 84' lang='grc'>55</span> <span class='ocrx_word' id='word_1_297' title='bbox 859 4319 908 4371; x_wconf 87' lang='lat' dir='ltr'>Clr.</span> <span class='ocrx_word' id='word_1_298' title='bbox 923 4318 1081 4384; x_wconf 86' lang='lat' dir='ltr'>objectiones</span> <span class='ocrx_word' id='word_1_299' title='bbox 1101 4316 1254 4386; x_wconf 79' lang='lat' dir='ltr'>Hnffmnnm&#39;</span> <span class='ocrx_word' id='word_1_300' title='bbox 1270 4310 1286 4361; x_wconf 94' lang='lat' dir='ltr'>l.</span> <span class='ocrx_word' id='word_1_301' title='bbox 1301 4325 1321 4359; x_wconf 90' lang='lat' dir='ltr'>c.</span> <span class='ocrx_word' id='word_1_302' title='bbox 1341 4324 1366 4374; x_wconf 92' lang='lat' dir='ltr'>p.</span> <span class='ocrx_word' id='word_1_303' title='bbox 1379 4308 1404 4359; x_wconf 89' lang='grc'>4.</span> 
     </span>
     <span class='ocr_line' id='line_1_37' title="bbox 281 4402 1254 4481; baseline -0.021 -15"><span class='ocrx_word' id='word_1_304' title='bbox 281 4408 314 4463; x_wconf 86' lang='lat' dir='ltr'>D.</span> <span class='ocrx_word' id='word_1_305' title='bbox 328 4407 381 4474; x_wconf 72' lang='lat' dir='ltr'>R).</span> <span class='ocrx_word' id='word_1_306' title='bbox 409 4407 429 4473; x_wconf 88' lang='lat' dir='ltr'>l,</span> <span class='ocrx_word' id='word_1_307' title='bbox 447 4405 472 4460; x_wconf 82' lang='grc'>9.</span> <span class='ocrx_word' id='word_1_308' title='bbox 492 4407 563 4481; x_wconf 57' lang='lat' dir='ltr'>p348</span> <span class='ocrx_word' id='word_1_309' title='bbox 583 4412 619 4474; x_wconf 81' lang='lat' dir='ltr'>(p.</span> <span class='ocrx_word' id='word_1_310' title='bbox 635 4404 668 4455; x_wconf 85' lang='lat'>57</span> <span class='ocrx_word' id='word_1_311' title='bbox 682 4403 723 4474; x_wconf 80' lang='lat' dir='ltr'>G).</span> <span class='ocrx_word' id='word_1_312' title='bbox 738 4402 770 4472; x_wconf 86' lang='lat'>¹1,</span> <span class='ocrx_word' id='word_1_313' title='bbox 790 4403 832 4458; x_wconf 88' lang='grc'>12.</span> <span class='ocrx_word' id='word_1_314' title='bbox 859 4414 885 4457; x_wconf 82' lang='lat' dir='ltr'>et</span> <span class='ocrx_word' id='word_1_315' title='bbox 903 4409 1007 4479; x_wconf 62' lang='lat' dir='ltr'>ottonis</span> <span class='ocrx_word' id='word_1_316' title='bbox 1024 4404 1041 4456; x_wconf 92' lang='lat' dir='ltr'>l.</span> <span class='ocrx_word' id='word_1_317' title='bbox 1061 4419 1084 4456; x_wconf 85' lang='lat' dir='ltr'>c.</span> <span class='ocrx_word' id='word_1_318' title='bbox 1103 4419 1129 4469; x_wconf 92' lang='lat' dir='ltr'>p.</span> <span class='ocrx_word' id='word_1_319' title='bbox 1149 4402 1180 4450; x_wconf 82' lang='grc'>17</span> <span class='ocrx_word' id='word_1_320' title='bbox 1199 4413 1254 4465; x_wconf 86' lang='lat' dir='ltr'>sqq.</span> 
     </span>
     <span class='ocr_line' id='line_1_38' title="bbox 1144 4487 1198 4551; baseline -0.019 -26"><span class='ocrx_word' id='word_1_321' title='bbox 1144 4487 1198 4551; x_wconf 63' lang='lat' dir='ltr'>F*</span> 
     </span>
    </p>
   </div>
   <div class='ocr_carea' id='block_1_11' title="bbox 0 0 1834 5209">
    <p class='ocr_par' dir='ltr' id='par_1_12' title="bbox 0 0 1834 5209">
     <span class='ocr_line' id='line_1_39' title="bbox 0 0 1834 5209; baseline 0 3"><span class='ocrx_word' id='word_1_322' title='bbox 0 0 1834 5209; x_wconf 95' lang='lat' dir='ltr'> </span> 
     </span>
    </p>
   </div>
  </div>
 </body>
</html>
