3659 5209
553 547 776 605 metuamus
791 551 838 605 nu
857 550 932 605 con.
952 553 1083 610 xxxvut.
1100 556 1205 611 mm
1224 559 1275 613 xc.
1416 564 1481 632 iot
1546 609 1548 613 .

342 712 444 791 sciat,
476 700 682 792 alium'esse,
713 711 763 794 qui
786 712 988 776 continentiae
1012 714 1121 779 donum
1152 719 1208 801 ipsi
1235 720 1351 786 tribuat.
1396 723 1482 789 Con-

349 815 522 878 sideremus
553 835 646 898 ergo,
678 817 803 895 iratres,
835 836 874 880 ex
905 837 963 898 qua
993 822 1115 884 materie
1146 822 1214 887 iacti
1237 826 1346 906 simus,
1378 831 1428 910 qui
1451 837 1483 894 et

350 921 457 1001 quates
474 920 613 982 mundum
628 921 760 1002 ingressi
776 922 878 1001 simus,
898 920 1055 1004 ¹tanquam
1073 945 1111 988 ex
1128 928 1287 1008 sepulchro
1300 937 1329 993 et
1342 935 1480 998 tenebris.

351 1013 412 1100 Qui
439 1032 499 1088 'nos
523 1024 606 1088 iecit
636 1032 666 1089 et
697 1027 846 1107 condidit,
879 1030 1063 1111 praeparatis
1097 1032 1179 1112 prius
1211 1033 1376 1097 benefactis
1409 1040 1483 1118 suis,

350 1139 511 1211 antequam
535 1149 745 1212 nasceremur,
776 1134 806 1194 in
831 1132 971 1195 mundum
994 1152 1080 1196 suum
1103 1154 1160 1198 nos
1184 1138 1356 1202 introduxit.
1401 1141 1482 1207 Haec
1578 1125 1584 1133 ¹

350 1237 444 1319 igitur
474 1237 571 1299 omnia
603 1256 669 1299 cum
699 1238 735 1300 ab
769 1250 810 1303 eo
838 1238 1015 1316 habeamus,
1047 1240 1076 1301 in
1101 1242 1237 1304 omnibus
1261 1238 1402 1326 ²gratias
1426 1246 1482 1327 ipsi

350 1359 447 1424 agere
471 1341 624 1420 debemus,
648 1342 696 1404 eui
720 1347 765 1404 est
787 1341 884 1425 gloria
907 1343 938 1404 in
962 1342 1063 1406 secula
1087 1347 1267 1410 secutorum.
1312 1347 1418 1411 Amen.

597 1531 729 1596 XXXIX.
775 1533 846 1598 Non
869 1542 925 1611 est,
951 1553 1012 1614 qao
1036 1537 1233 1649 eatotdamer.

441 1655 525 1722 Stuiti
547 1658 636 1720 unioe
660 1663 688 1719 et
711 1658 897 1740 insipientes,
921 1663 951 1719 et
972 1657 1043 1719 iatui
1067 1664 1097 1720 et
1116 1660 1243 1741 imperiti
1266 1660 1403 1723 derident
1423 1679 1480 1726 nos

350 1781 388 1826 eo
417 1763 614 1840 subsannant,
649 1762 716 1825 dum
747 1764 979 1845 cogitationibus
1011 1763 1074 1826 suis
1105 1782 1139 1826 se
1170 1767 1317 1828 extoliere
1348 1767 1479 1849 cupiunt.

350 1867 429 1942 Quid
447 1871 524 1928 enim
539 1873 638 1950 potest
653 1867 797 1946 mortalis,
821 1874 870 1930 aut
886 1869 974 1948 quate
989 1868 1083 1929 robur
1099 1870 1296 1950 terrigenae?
1332 1870 1479 1953 Scriptum

350 1973 429 2034 enim
454 1979 515 2034 est:
545 1969 639 2033 3νιοη
663 1978 731 2033 erat
752 1973 855 2051 fiporo
880 1979 953 2033 ante
977 1972 1086 2033 ocutos
1108 1992 1207 2050 meos,
1237 1975 1293 2035 sed
1316 1977 1427 2037 auram
1450 1982 1481 2036 et

349 2096 458 2139 vocem
482 2076 648 2138 audiebam
672 2075 840 2137 dicentem:
864 2075 942 2155 quid
964 2075 1071 2135 enim?
1094 2078 1241 2156 namquid
1259 2080 1350 2142 bomo
1372 2099 1479 2142 coram

346 2181 645 2245 Domioo'mondus
667 2180 743 2257 erit,
774 2181 825 2240 oet
853 2180 892 2241 de
923 2179 1071 2259 operibus
1100 2181 1169 2242 seis
1192 2183 1393 2261 inculpabilis
1415 2184 1476 2260 vir,

347 2287 380 2349 si
404 2287 505 2347 aereis
527 2286 593 2347 sois
615 2304 678 2348 ooo
703 2285 840 2365 confidit,
864 2293 894 2347 et
917 2287 951 2347 io
974 2285 1096 2365 capelia
1118 2287 1186 2348 sais
1204 2305 1308 2365 praee
1331 2287 1477 2348 animad-

348 2393 469 2454 vertit?
507 2386 661 2454 ⁴Coeium
683 2409 806 2471 quoque
829 2409 893 2452 ooo
917 2397 964 2451 est
985 2391 1133 2451 mundum
1154 2399 1226 2452 ante
1248 2409 1334 2464 earm·
1357 2388 1476 2461 ⁵111an

348 2493 454 2558 minas
477 2495 652 2558 babilonios
676 2497 784 2558 domos
807 2496 926 2572 luteas,
964 2514 1005 2556 ee
1036 2494 1150 2574 quibes
1173 2505 1203 2557 et
1224 2496 1288 2575 ipsi
1312 2495 1350 2556 de
1373 2495 1480 2556 eodem

352 2603 418 2664 tuto
441 2618 556 2663 semes.
593 2601 770 2664 Devoraoit
792 2600 863 2662 iilos
888 2605 1036 2679 tanquam
1060 2601 1157 2676 tineo,
1181 2607 1211 2660 et
1232 2618 1253 2662 a
1271 2619 1362 2660 mane
1383 2610 1480 2679 ceptae

351 2706 395 2768 ad
423 2723 585 2782 vesperam
614 2705 699 2766 eitra
729 2724 791 2767 ooo
819 2714 915 2778 sunu
949 2723 1006 2780 eo,
1043 2703 1128 2782 quod
1158 2722 1221 2766 oon
1250 2711 1385 2782 poseant
1417 2702 1480 2764 sibi

352 2811 433 2889 ipsis
454 2809 632 2887 subvenire,
653 2811 826 2889 perierant.
864 2807 1047 2886 insufflavit
1061 2809 1118 2884 eia,
1140 2814 1170 2869 et
1185 2808 1379 2884 interierant,
1404 2807 1480 2885 quio

350 2934 416 2978 noo
439 2913 595 2976 habebant
616 2915 809 2994 sapientiam.
854 2908 1003 2975 6Ioooco
1032 2920 1151 2989 autem,
1186 2912 1215 2972 si
1246 2913 1316 2991 pois
1347 2909 1404 2972 tibi
1427 2928 1479 2971 re-

350 3020 515 3099 spondeat,
537 3020 588 3082 oei
609 3022 638 3081 ci
655 3039 742 3100 qoem
756 3024 937 3081 sanctorum
959 3016 1139 3096 aopelorum
1164 3008 1346 3094 ⁷aspioias;
1362 3015 1480 3108 etenim

350 3126 547 3205 insipientem
578 3124 707 3203 perimit
736 3125 803 3201 ira,
838 3122 965 3185 stultum
995 3128 1097 3182 autem
1126 3121 1244 3183 occidit
1271 3119 1372 3181 aelus„
1409 3119 1478 3199 Epo

352 3237 456 3291 eutem
476 3229 543 3291 vidi
565 3229 687 3304 stultos,
709 3229 834 3290 radices
857 3227 1012 3287 mittentes
1019 3245 1032 3297 ;
1062 3225 1120 3286 sed
1141 3225 1246 3286 stetim
1270 3224 1412 3287 coccam
1433 3230 1480 3286 eat

350 3334 475 3395 illorum
496 3331 659 3394 habitatio.
705 3331 810 3412 Lampe
831 3334 912 3414 fiant
938 3332 997 3411 filii
1021 3350 1127 3395 eorum
1152 3351 1173 3392 a
1194 3330 1313 3407 solete,
1347 3339 1375 3392 et
1400 3350 1477 3392 coo·

352 3444 527 3499 temnuntur·
558 3442 630 3498 eote
652 3439 775 3515 J'aouas
804 3439 977 3513 minorum,
1012 3443 1041 3497 et
1070 3455 1134 3498 aaa
1165 3437 1241 3515 erit,
1275 3435 1328 3517 qui
1352 3434 1477 3512 eripiat.

354 3539 442 3614 Quae
464 3539 545 3601 enim
568 3539 632 3601 iilia
659 3548 778 3617 parato
808 3548 896 3617 aaut,
921 3541 1006 3620 jacti
1036 3540 1193 3603 comedent
1199 3559 1211 3613 ;
1243 3540 1307 3618 ipsi
1338 3556 1411 3600 vero
1440 3535 1478 3598 de

350 3644 445 3706 maiis
468 3662 532 3706 ooo
555 3643 777 3706 ttterabeomr.

420 3833 481 3896 XL.
526 3832 690 3898 Sereemea
713 3836 855 3899 ordinem
877 3837 910 3898 io
933 3836 1070 3899 ecclesiia
1092 3856 1112 3899 o
1133 3837 1200 3900 Deo
1223 3834 1404 3898 institutum.

440 3949 542 4018 ⁸Cum
565 3953 752 4039 igitur'baec
781 3957 866 4021 nobis
895 3958 954 4020 sint
974 3957 1155 4035 manifesta,
1187 3961 1217 4018 et
1246 3956 1276 4018 in
1300 3942 1477 4034 ⁹protunda

349 4060 471 4124 divinae
494 4062 670 4143 cognitionis
694 4078 750 4123 nos
773 4061 1021 4143 introspiciamus,
1047 4057 1190 4152 ¹⁰cuncta
1212 4060 1317 4123 ordine
1333 4054 1476 4118 debemus

384 4213 414 4280 a)
437 4198 474 4265 ia
493 4200 538 4266 m.
573 4214 677 4266 noerius
697 4209 760 4282 apa.
842 4281 844 4285 ¹
961 4214 991 4280 o)
1010 4212 1060 4267 on.
1079 4214 1153 4268 nom.
1174 4211 1216 4276 11,
1236 4212 1278 4264 ee.

384 4300 414 4365 8)
434 4299 514 4353 Haec
527 4301 613 4353 laudat
637 4303 716 4356 clem.
740 4303 815 4356 Alex.
839 4300 856 4353 i.
876 4316 899 4353 o.
947 4299 991 4364 to)
1012 4298 1062 4351 co.
1082 4296 1164 4352 {Gon
1184 4297 1226 4364 id,
1245 4297 1288 4351 40.

345 4404 374 4458 p.
395 4385 459 4440 61³.

1312 4631 1314 4635 .
1386 4500 1564 4642 :P
