3659 5209
548 537 728 593 annutans
747 537 914 591 utrstott.
930 538 1006 610 avt.
1026 536 1102 595 xvtt
1121 538 1207 593 tttuu.
1226 540 1290 594 xlx.
1439 546 1482 611 45

353 721 506 783 nunquam
529 720 628 783 neque
650 700 776 764 audierit
799 719 865 763 enm
889 702 956 764 tatia
980 703 1072 765 verba
1095 720 1148 766 ore
1170 701 1358 781 tundentem,
1381 717 1481 784 nequo

358 808 448 890 ¹ipse
480 807 547 871 talia
579 807 682 869 audire
713 806 939 869 ‹tesideraverit
985 808 1049 871 Hoo
1082 814 1128 871 est
1163 807 1300 889 temptum
1331 809 1481 890 spirituale

353 915 481 978 Domino
506 919 715 976 constructum.

632 1102 720 1166 XVll.
766 1103 920 1184 Epiiopus
941 1105 1047 1183 portis
1069 1046 1200 1185 primae.

442 1226 588 1300 Quantum
609 1224 714 1306 potuit,
738 1231 768 1285 et
789 1225 855 1287 sine
872 1227 1053 1293 obscuritate
1069 1228 1164 1309 potuit
1182 1225 1292 1291 ²vobis
1309 1232 1481 1311 monstrari,

352 1349 423 1413 spes
441 1332 510 1393 mihi
529 1337 592 1410 est,
614 1348 670 1412 pro
690 1329 788 1393 studio
806 1349 873 1394 meo
895 1350 943 1394 me
963 1331 1035 1395 nitrit
1050 1333 1188 1396 omisisse
1209 1350 1322 1414 eorum,
1349 1353 1427 1416 quae
1445 1337 1482 1399 ad

351 1441 482 1498 vestram
505 1435 628 1497 satutem
651 1440 803 1517 spectant,
834 1453 972 1518 quaeque
995 1444 1064 1500 sunt
1092 1435 1301 1519 ³praesentia.
1349 1440 1380 1504 Si
1404 1441 1482 1503 enirn

352 1541 389 1603 de
406 1541 514 1604 futuris
531 1543 681 1624 scripsero
697 1541 801 1620 miris,-
812 1560 872 1604 non
888 1542 1076 1625 intelligetis3
1101 1543 1240 1623 quoniam
1256 1544 1286 1607 in
1304 1545 1481 1609 abscondito
1499 1530 1503 1538 ¹
1567 1579 1570 1585 ·

351 1648 481 1729 positum
506 1654 560 1710 est.
604 1645 641 1708 Et
663 1647 737 1710 haee
761 1645 877 1727 quidem
902 1647 1040 1712 adhunc
1064 1647 1190 1712 modum.

477 1839 576 1904 xvttt.
620 1838 715 1904 PARS
739 1838 772 1901 11.
795 1838 1015 1905 EPISTOLAE.
1060 1842 1108 1904 De
1132 1842 1255 1904 duobus
1277 1842 1353 1905 viia.

439 1964 639 2026 Transeamus
656 1968 754 2024 autem
774 1967 803 2024 et
821 1962 858 2025 ad
881 1962 1003 2025 atteram
1026 1964 1225 2045 cognitionem
1248 1970 1336 2046 atque
1361 1966 1478 2029 doetri-

348 2088 427 2133 nom.
474 2068 557 2130 Duae
586 2075 656 2129 sunt
688 2067 754 2128 uiae
790 2065 944 2128 doctrinae
976 2084 1012 2128 ao
1042 2048 1239 2147 ⁴potestatis:
1276 2064 1362 2133 ⁵nna
1394 2073 1478 2154 tucis,

350 2173 449 2235 attera
471 2171 670 2234 tenebrarum.
706 2169 878 2233 Differentia
902 2189 976 2233 vero
1000 2171 1087 2233 muita
1111 2171 1232 2234 duarum
1255 2175 1377 2238 riarum.
1424 2178 1478 2241 Uni

348 2274 500 2357 siquidem
530 2275 692 2357 praepositi
723 2283 791 2339 sunt
813 2276 913 2356 angeli
937 2276 993 2338 Dei
1015 2276 1111 2338 tueem
1139 2275 1364 2357 praeferentes,
1394 2281 1479 2344 atteri

347 2399 425 2444 aero
451 2375 575 2462 ⁶angeti
594 2381 730 2445 Satanae.
776 2381 823 2442 Aa
844 2381 894 2443 itte
917 2381 1036 2462 quidem
1055 2382 1199 2444 Dominus
1222 2388 1303 2443 esta
1323 2384 1433 2447 secutis
1449 2386 1479 2449 tn

348 2487 471 2563 secuta3
495 2487 542 2550 hic
566 2493 662 2563 autern
685 2489 824 2569 princeps
848 2488 990 2569 temporis
1014 2487 1115 2568 iniqui.

561 2686 583 2727 ὕ
735 2678 811 2741 XIX
853 2679 899 2741 Do
927 2682 981 2743 oio
1005 2681 1094 2744 tucis.

439 2804 492 2865 Via
510 2802 601 2884 igitur
620 2801 693 2863 lucis
713 2801 787 2864 haee
808 2808 866 2864 est·
902 2804 931 2865 Si
951 2804 1021 2884 quis
1040 2798 1141 2883 ⁷eapit
1156 2802 1317 2883 pervenire
1334 2801 1371 2864 ad
1386 2821 1480 2884 prae-

346 2908 461 2970 finitum
484 2908 601 2984 locum,
625 2906 688 2968 suis
711 2907 851 2988 operibus
873 2908 902 2970 id
922 2911 1067 2992 consequi
1090 2908 1216 2972 studeat.
1255 2908 1394 2992 Cognitio
1418 2909 1479 2972 ita-

348 3033 411 3095 que
442 3014 529 3076 nobis
564 3011 630 3073 data
661 3013 690 3074 in
722 3011 777 3075 hac
810 3014 856 3076 via
888 3013 1056 3077 ambulandi
1089 3014 1235 3095 ejusmodi
1266 3019 1319 3076 est.
1365 3014 1477 3096 Ditiges

347 3126 519 3181 creatorem
542 3126 638 3196 tuum,
671 3117 767 3200 gloria
798 3117 912 3180 afficies
941 3138 1024 3197 eum,
1045 3119 1108 3200 uui
1131 3117 1257 3181 redemit
1281 3124 1309 3181 te
1332 3136 1349 3180 a
1371 3127 1476 3184 morte.

346 3224 416 3287 Eris
436 3222 529 3285 corde
548 3223 674 3304 simplex
694 3229 724 3285 et
740 3223 844 3303 spiritu
865 3223 958 3285 dives.
997 3223 1063 3286 Non
1085 3222 1262 3285 adhaerebis
1283 3223 1319 3285 ad
1338 3242 1403 3303 eos,
1426 3225 1477 3306 qui

345 3328 491 3391 incedunt
513 3329 542 3389 in
566 3329 613 3390 via
637 3329 750 3391 mortis.
796 3321 903 3390 8Οάῑο
931 3327 1053 3390 habebis
1084 3334 1276 3410 perpetrare,
1307 3330 1386 3410 quod
1410 3330 1475 3393 Deo

345 3451 411 3496 non
435 3433 550 3514 ptaeet,
577 3430 647 3494 odio
671 3431 781 3494 habeas
806 3451 923 3500 omnem
946 3432 1173 3495 simulationem.
1219 3433 1264 3495 Ne
1288 3433 1476 3513 derelinquas

346 3536 485 3600 mandata
504 3537 631 3599 Domini.
671 3530 738 3598 ⁹Te
761 3537 856 3616 ipsum
876 3556 937 3601 non
959 3538 1125 3617 exstasis·
1144 3538 1204 3602 eris
1227 3546 1324 3600 autem
1348 3537 1477 3607 humitis,

346 3643 417 3705 Non
435 3658 570 3703 assumes
586 3640 636 3702 tibi
653 3639 787 3724 gloriam.
827 3642 893 3704 Non
911 3643 1012 3724 capies
1029 3643 1134 3705 matum
1154 3643 1309 3706 eonsilium
1327 3641 1475 3706 adversus

346 3746 516 3829 proximum
532 3751 622 3807 tuum.
660 3743 726 3807 Non
744 3744 826 3809 dabis
847 3744 1178 3838 animae'insotentiam.
1219 3743 1320 3810 ¹⁰Non
1340 3747 1475 3819 tornica-

346 3954 422 4008 matis
453 3952 560 4022 (angelis
591 3961 617 4004 et
644 3952 822 4022 daemonibus)
853 3952 895 4006 lo·
960 3955 988 4019 7)
1007 3953 1167 4024 Partieipium
1186 3955 1245 4007 loco
1263 3954 1337 4008 verbi
1356 3954 1427 4017 finiti,
1446 3957 1474 4001 ut

347 4043 443 4111 quitur.
925 4057 999 4109 supra
1019 4059 1043 4109 p.
1065 4043 1105 4094 13.
1125 4051 1178 4094 not.
1201 4042 1241 4094 17.
1456 4112 1458 4116 .

385 4106 424 4195 5)x
443 4127 512 4178 Haec
536 4128 621 4179 tondat
640 4129 745 4196 Dripen.
765 4126 797 4178 de
815 4130 896 4194 princ.
959 4131 988 4194 8)
1007 4129 1105 4181 Eadem
1120 4131 1144 4181 in
1158 4129 1243 4182 const.
1257 4128 1346 4196 Apost.
1361 4124 1415 4188 tut,
1432 4121 1470 4171 14.

346 4217 365 4269 l.
388 4215 429 4267 111.
451 4231 472 4266 c.
493 4217 517 4269 2.
538 4232 562 4267 n.
582 4216 606 4266 t.
631 4222 658 4265 ot
678 4212 731 4264 Lib.
751 4211 769 4264 1.
788 4212 895 4281 Expiau.
960 4216 989 4285 9)
1009 4215 1096 4269 Const.
1114 4217 1203 4284 Apost.
1223 4213 1276 4278 VH,
1295 4215 1320 4264 8.

347 4306 375 4357 in
395 4303 443 4370 Ep.
463 4304 496 4356 ad
514 4301 588 4354 nom.
606 4299 627 4365 l,
646 4299 689 4351 24·
945 4303 989 4370 10)
1008 4302 1094 4355 Cenat.
1116 4301 1206 4370 Apost.
1226 4298 1278 4364 tlt,
1296 4299 1321 4350 2.

385 4388 486 4458 oren.
506 4388 528 4440 11
541 4388 599 4442 cor.
619 4387 664 4454 ra,
681 4387 706 4440 r.

1464 4526 1578 4642 Ι
