3659 5209
436 531 500 596 362
596 525 736 582 mm
753 521 888 578 eastun.
925 521 1021 577 eman
1037 522 1068 576 n.
1103 521 1255 577 ΙΔΙΒΛΤ.
1274 521 1342 579 Vlll.
1360 521 1405 577 tx„

440 672 982 775 Ιχήραιςὖπν,ρετεῖν,νιαὶὀρφανοῖς
1011 681 1140 748 ¹Viduis
1162 683 1393 763 administrare,
1418 684 1554 766 orphanus

435 789 684 880 ὑστερουμένους
716 787 982 865 ἐπισκέπτεσθαι,
1009 796 1040 851 et
1061 806 1210 871 pauperes
1233 806 1303 851 nun
1330 788 1506 871 despicere,
1530 797 1554 852 et

434 895 470 975 ἐξ
491 893 623 982 ἀνάγκης
649 885 875 980 λυτρώσασθαι
904 886 983 964 τούς
1009 910 1115 956 servos
1131 892 1189 954 Dei
1211 911 1253 954 ex
1278 895 1470 956 necessitate
1482 893 1555 956 redi-

435 994 567 1078 δούλους
590 999 654 1086 ,τοῦ
684 1001 784 1075 Θεοῦ,
815 988 983 1085 φιλόξενον
1008 1016 1101 1076 mere,
1116 997 1300 1079 hospitalem
1317 1016 1395 1060 esse
1416 994 1555 1082 (hospita-

434 1099 514 1172 εἶναι
536 1103 587 1192 (ἐν
610 1100 671 1191 γαρ
689 1103 731 1189 τῇ
749 1097 915 1188 φιλοξενίᾳ
930 1090 981 1164 εῖν
1008 1102 1089 1164 litate
1111 1103 1190 1164 enim
1221 1101 1384 1165 invenitur
1412 1103 1555 1184 aliquande

433 1210 574 1299 ρι’σκεται
598 1201 875 1293 α’γαθοπολρσις)·
903 1195 981 1290 ἦσύ-
1009 1201 1249 1288 iructusbcnus)
1263 1224 1328 1269 uon
1342 1209 1555 1284 contradicere

433 1338 505 1398 χιον
526 1308 620 1392 εἶναι,
649 1307 874 1397 λένδεέστερον
896 1304 981 1393 γενέ·
1008 1310 1139 1389 quietum
1154 1327 1235 1388 esse,
1262 1308 1488 1379 ‘²humittirnun
1504 1313 1556 1376 iai

433 1425 524 1496 σθαι,
540 1411 643 1484 πάντα
655 1407 831 1503 ἄνθρωπον
840 1407 979 1501 πρεσβὺ·
1008 1413 1137 1475 nmnium
1156 1412 1322 1506 hominum,
1348 1419 1485 1499 maJ'cres
1499 1424 1556 1479 natu

432 1519 656 1609 τηνσέβεσθαι,
667 1511 981 1602 conseranensem,
1008 1515 1119 1596 celere,
1142 1517 1266 1581 studere
1278 1521 1434 1601 justitiae,
1457 1520 1556 1584 frater-

433 1618 637 1714 ἀδελφότητα
672 1627 854 1710 συντηρεῖν,
890 1615 982 1703 ὕβριν
1008 1622 1127 1685 nitatem
1144 1639 1347 1701 conservare,
1372 1625 1555 1689 contumelias

432 1725 623 1819 ὑποφέρειν,
652 1717 862 1814 μακρόθνμον
891 1718 981 1802 εἶναι,
1008 1726 1368 1808 sufferre,aequauimem
1378 1747 1461 1809 esse,
1469 1730 1554 1812 lapsus

433 1829 649 1921 cipcvpuixcuon,
660 1830 834 1913 κάμνοντας
841 1831 881 1918 τῇ
892 1830 982 1917 ψυχῇ
1008 1830 1099 1894 atide
1112 1849 1174 1894 nun
1190 1833 1362 1914 projicere,
1379 1834 1439 1897 sed
1453 1852 1554 1915 aequu-

432 1937 639 2024 παρακαλεῒν,
678 1933 982 2016 ε’σκανδαλισμένονς
1008 1937 1102 1997 nimes
1139 1934 1261 2015 iacere,
1302 1945 1475 2018 peccantes
1508 1937 1553 2001 ad-

432 2036 499 2108 cinti
520 2048 576 2130 τῆς
598 2039 736 2115 πίστεως
756 2035 799 2126 μή
816 2033 981 2121 cinnitati-
1007 2056 1141 2118 monere,
1157 2038 1313 2104 debitores
1335 2061 1401 2106 non
1418 2061 1552 2126 premere

432 2152 521 2226 σθαι,
544 2140 613 2213 αλλ’
632 2141 836 2233 ἐπιστρέφειν
857 2141 909 2208 καὶ
930 2140 979 2208 ἐν·
1008 2151 1038 2207 et
1060 2144 1087 2206 si
1110 2162 1168 2224 qua
1190 2145 1227 2206 iis
1252 2147 1375 2221 similia.
1422 2149 1552 2211 Videntur

431 2252 558 2336 «νόμους
587 2251 708 2329 ποιεῖν,
741 2240 981 2336 ἁμαρτάνοντας
1007 2249 1059 2310 tibi
1080 2247 1155 2310 haec
1177 2266 1248 2311 esse
1271 2250 1367 2329 bona,
1396 2270 1437 2314 an
1460 2253 1550 2316 οοολα

431 2360 603 2434 νουθετεῖν,
619 2342 779 2442 χρεώστας
789 2346 833 2439 μή
844 2348 979 2432 θλίβειν,
1009 2353 1107 2433 „Quid
1122 2353 1200 2415 enim
1213 2353 1320 2417 melius
1336 2357 1418 2435 est,“
1437 2358 1551 2438 inqunn,

433 2461 552 2536 ἐνδεεῖς
566 2454 610 2546 μὴ
624 2457 742 2536 λυπεῖν,
762 2457 817 2521 καλ
832 2455 893 2523 ὅσα
907 2447 981 2522 cori-
1010 2457 1130 2537 „verbis
1160 2457 1270 2520 istis?“
1320 2460 1424 2536 „Vive
1456 2461 1550 2544 ergc‘

432 2677 531 2734 ταῦτα
553 2659 668 2753 ἁγαθοὶ
684 2657 780 2744 cinca·
797 2703 834 2714 -
858 2662 898 2730 Τλ
920 2661 981 2754 γάρ
1009 2668 1045 2730 nb
1061 2668 1106 2728 eis
1121 2664 1276 2727 recedere.
1309 2666 1344 2730 Si
1361 2671 1446 2732 enim
1463 2675 1553 2733 custe-

433 2771 562 2840 δύναται
578 2765 700 2837 τούτων
714 2761 922 2859 αγαθώτερον
935 2763 981 2836 εἶ·
1010 2770 1102 2833 dieris
1115 2770 1189 2832 haec
1202 2770 1300 2833 omnia
1310 2773 1469 2852 mandata,
1483 2775 1553 2837 vives

433 2902 502 2959 ναις
535 2917 578 2928 -
613 2880 643 2942 Γ
640 2867 753 2959 ὐμναζε
783 2871 917 2940 σεαυτόν
950 2872 983 2940 ἐν
1010 2875 1094 2952 De03
1111 2871 1355 2955 ³etumnes‚qui
1369 2877 1555 2942 custodierint

432 2979 567 3062 τούτοις,
582 2979 637 3044 καὶ
650 2969 982 3066 μήἐγκρατεὺουπᾶν-
1009 2979 1085 3041 Ιιεεο
1103 2977 1249 3058 mandata,
1271 2980 1381 3044 vivent
1404 2981 1502 3046 De0.“

432 3109 502 3165 των,
525 3084 607 3150 3καὶ
628 3077 706 3170 ζήσῃ
727 3083 774 3166 τῷ
800 3083 881 3167 Θεῷ.

864 3240 1052 3324 Μουσείου
1077 3241 1130 3323 ΙΧ.

554 3384 777 3457 Postnlundcm
799 3402 820 3445 ο
841 3383 909 3448 Deo
932 3383 1061 3447 assidue
1083 3390 1114 3444 et
1133 3381 1202 3444 sine
1224 3380 1450 3444 haesitatione.

478 3498 593 3591 *Ἆρον
616 3496 685 3566 οἶπὸ
709 3501 791 3566 ὅσοῦ
809 3495 864 3588 τήν
883 3502 983 3591 depu—
1053 3505 1161 3567 iterum
1173 3502 1246 3564 dixit
1257 3469 1342 3563 mihi:
1358 3498 1556 3580 ⁴„totteatte

433 3604 513 3690 χίαν,
535 3603 587 3671 καλ
606 3602 762 3693 6μηδενός
782 3604 865 3680 ὅλως
881 3607 982 3692 διφυ-
1009 3609 1231 3685 dubitationem,
1254 3613 1285 3668 et
1306 3600 1415 3670 ⁶nit1il
1445 3606 1555 3672 omniun

470 3748 499 3816 1)
517 3746 582 3799 Vide
611 3745 744 3798 discrimen
771 3745 836 3795 iuter
862 3751 984 3801 mandata
1044 3748 1074 3817 4)
1092 3746 1132 3799 Ex
1157 3749 1248 3799 λλοαῖτ.
1278 3745 1312 3797 sd
1341 3746 1466 3798 Δτλίσελ.
1495 3761 1517 3796 n
1534 3742 1554 3793 9.

433 3836 590 3889 etcnnsitin
608 3833 796 3887 ecclesiactica.
829 3830 879 3886 cfr.
893 3837 982 3889 daet-
1009 3851 1035 3902 p.
1050 3834 1110 3886 256.
1143 3831 1241 3883 Eadem
1261 3831 1399 3898 exscripsit
1418 3834 1556 3886 Antonin
1596 3828 1598 3833 '

337 3974 342 3985 ,
433 3939 534 3986 mann,
552 3919 568 3971 Ι.
589 3934 611 3970 c·
628 3934 654 3985 p·
674 3916 716 3968 82·
1009 3921 1078 3989 honr,
1091 3920 1133 3972 85.
1159 3916 1239 3984 Hujus
1257 3917 1372 3979 mundati
1390 3917 1555 3988 fragmentum

469 4007 497 4072 2)
517 4006 596 4058 Vetus
613 4002 741 4071 interpres
759 4004 825 4084 forta
845 4005 923 4074 tegit:
941 4003 983 4055 ἓν·
1011 4007 1090 4059 edidit
1114 4005 1218 4058 Grabius
1245 4004 1272 4055 iu
1295 4007 1426 4076 Sptctteq.
1455 4009 1557 4060 enm

434 4089 558 4160 δεέσνερον
582 4093 693 4159 γενέσθαι
716 4088 818 4159 πάντων
838 4087 982 4159 ἀνθρώπων.
1010 4093 1037 4146 Τ.
1056 4093 1076 4145 Ι.
1095 4110 1121 4162 p.
1139 4091 1198 4145 303.

433 4176 476 4230 Sic
490 4216 493 4221 ·
507 4187 534 4230 et
563 4180 717 4232 Antiochus·
760 4177 839 4229 Aliter
865 4176 983 4231 Pneudn-
1044 4181 1073 4245 5)
1093 4179 1173 4232 Grnb.-
1185 4180 1302 4241 σεαυτοῦ,
1320 4178 1423 4248 absque
1441 4175 1500 4230 α’νιό.

434 4264 594 4316 Athanasius.
624 4267 758 4317 Gauuarn.
1044 4267 1074 4335 6)
1093 4265 1167 4320 Grnb.
1187 4263 1271 4331 μηδέν.

471 4350 499 4418 3)
518 4347 569 4402 Cir.
581 4365 655 4419 nuprn
666 4349 748 4404 Mand.
760 4350 780 4402 V
790 4352 814 4403 in
826 4350 874 4403 tine
888 4367 912 4419 p.
923 4349 983 4405 356.
1036 4388 1039 4399 .
