3659 5209
609 579 610 582 p
676 492 873 565 annmnrun
892 510 919 568 s.
936 510 1066 567 mnam.
1086 512 1117 571 v.
1134 513 1174 569 vr.
1422 519 1487 587 253

357 667 519 751 cupiebat,
552 689 619 735 cum
651 671 742 736 vellet
774 691 830 754 per
862 673 991 757 vestigia
1026 671 1132 738 ¹Pauli
1163 673 1302 758 Apostoli
1334 675 1486 743 incedere.
1569 652 1576 671 ⁴

357 771 436 836 Cum
460 787 535 840 vero
559 775 677 854 irruens
700 785 808 840 ventus
831 780 1037 842 vehementior
1059 780 1088 842 id
1118 799 1178 844 non
1210 785 1379 863 pateretur,
1410 801 1486 846 nave

356 898 377 943 a
402 880 492 961 puppi
516 880 656 963 impulsa,
687 882 802 945 beatam
834 884 1019 966 praedicavit
1051 883 1223 947 charitatem
1253 884 1376 949 fratrum
1407 888 1486 951 illius

355 982 438 1062 loci,
469 991 500 1046 et
529 987 574 1048 sic
604 987 885 1070 praeternavigavit.
930 988 1023 1071 lgitur
1052 1007 1113 1052 uno
1145 988 1194 1053 die
1217 996 1247 1052 et
1269 996 1359 1052 nocie
1382 992 1485 1057 eodem

356 1087 502 1151 secundis
524 1091 622 1153 ventis
644 1092 692 1154 usi
714 1092 951 1172 abducebamur,
984 1111 1040 1156 nos
1064 1094 1183 1174 quidem
1207 1095 1307 1176 inviti,
1329 1103 1485 1178 gementes

355 1192 401 1256 ob
430 1196 649 1275 separationem
675 1196 748 1278 justi
778 1195 856 1259 illius
889 1217 905 1262 a
935 1198 1022 1261 nobis
1053 1217 1124 1261 mox
1151 1180 1287 1263 futuram.
1333 1200 1373 1263 At
1395 1201 1422 1263 ei
1446 1222 1486 1267 ex

354 1304 433 1361 voto
465 1316 517 1361 res
551 1301 759 1389 contingebat,
795 1299 947 1365 festinanti
979 1321 997 1365 e
1028 1304 1139 1367 mundo
1174 1303 1339 1367 discedere.
1385 1305 1484 1380 Quare

355 1421 427 1467 cum
450 1405 619 1487 navigando
642 1406 833 1493 pervenisset
855 1407 884 1469 in
908 1414 1013 1489 portus
1036 1408 1246 1486 Romanorum,
1274 1409 1402 1491 finisque
1425 1411 1484 1472 im-

354 1509 461 1572 mundi
483 1511 644 1593 spectaculi
667 1512 847 1591 immineret,
878 1513 985 1576 milltes
1016 1514 1181 1579 tarditatem
1213 1534 1305 1599 aegre
1327 1514 1481 1593 ferebant;

356 1622 390 1678 at
413 1614 573 1698 episcopas
595 1614 730 1699 gaudens
753 1616 928 1700 urgentibus
950 1618 1082 1698 parebat

545 1808 592 1871 vl.
636 1774 780 1888 ignotius
802 1807 921 1870 Romae
945 1827 965 1871 a
988 1807 1098 1885 bestiis
1121 1812 1298 1874 decoratur.

448 1929 529 1994 lllinc
552 1949 627 2013 ergo
650 1931 785 2013 abierunt
806 1931 842 1992 ab
867 1948 923 2009 eo,
946 1932 996 2011 qui
1020 1931 1127 1995 dicitur
1149 1931 1282 1995 ²l’ortus
1308 1930 1385 2015 (jam
1408 1950 1482 1996 vero

355 2054 464 2118 sparsa
488 2043 552 2098 erat
581 2037 672 2101 sancti
704 2034 842 2115 martyris
872 2032 987 2116 fama);
1019 2031 1201 2099 ³obviomus
1231 2036 1371 2100 fratribus
1402 2044 1482 2101 metu

356 2147 389 2204 et
411 2139 522 2222 gaudio
544 2140 676 2224 repletis,
698 2137 895 2222 gaudentibus
919 2137 1054 2219 quidem,
1082 2140 1163 2222 quod
1186 2159 1354 2224 congressu
1377 2143 1481 2205 Theo-

354 2245 446 2328 pbori
468 2246 549 2311 Deus
572 2246 654 2327 ipsos
677 2249 758 2305 esset
781 2242 939 2324 dignatus,
966 2245 1134 2307 timentibus
1158 2252 1272 2322 autem,
1304 2245 1384 2326 quod
1414 2247 1480 2309 talis

355 2349 405 2412 vir
421 2349 457 2411 ad
473 2356 597 2415 mortem
613 2349 780 2411 duceretur.
819 2345 969 2422 Quosdam
986 2350 1071 2412 etiarn
1088 2350 1210 2428 monuit,
1232 2356 1264 2411 ut
1279 2350 1479 2430 quiescerent,

356 2456 409 2538 qui
432 2454 589 2518 fervebant
609 2455 796 2535 aiebantque,
819 2472 853 2515 se
876 2454 1016 2542 populum
1041 2472 1110 2516 esse
1132 2453 1302 2532 sedaturos,
1326 2471 1365 2514 ne
1385 2452 1480 2514 virum

352 2559 480 2644 justum·
496 2559 533 2624 ad
562 2578 668 2623 necem
699 2562 865 2640 quaereret.
911 2557 968 2632 Qui
998 2577 1064 2622 cum
1094 2557 1251 2623 confestim
1282 2576 1345 2621 rem
1374 2557 1503 2638 spiritu·

355 2665 553 2747 cognovisset
584 2671 614 2727 et
648 2682 752 2734 omnes
786 2664 963 2741 salutasset,
1001 2669 1030 2724 et
1069 2664 1104 2725 ab
1141 2663 1177 2725 iis
1212 2680 1315 2726 verum
1348 2681 1478 2726 amorem

355 2769 491 2850 pluribus
507 2764 617 2848 verbis,
642 2786 727 2849 quam
751 2769 781 2831 in
803 2765 966 2850 ⁴epistola,
988 2769 1134 2850 petiisset,
1158 2769 1254 2850 iisque
1269 2769 1478 2849 persuasisset,

355 2890 395 2935 nc
418 2874 478 2955 sibi
498 2873 666 2936 inviderent
687 2871 723 2939 ad
739 2872 895 2935 Dominum
912 2871 1072 2950 festinanti,
1095 2891 1184 2951 nunc,
1207 2878 1360 2954 postquam
1380 2872 1479 2957 cuncti

355 2975 465 3041 fratres
488 2996 587 3061 genua
608 2977 773 3055 flexissent,
797 2977 921 3058 ipseque
944 2977 1034 3040 lilium
1053 2978 1109 3040 Dei
1131 2995 1186 3058 pro
1211 2979 1348 3041 ecclesiis
1370 2984 1400 3040 et
1422 2994 1478 3058 pro

355 3085 524 3148 cessatione
547 3082 764 3164 persecutionis
796 3087 825 3144 et
854 3100 910 3164 pro
942 3089 1043 3145 mutuo
1072 3080 1195 3144 fratrum
1218 3082 1295 3169 ipter
1314 3099 1353 3144 se
1376 3099 1479 3144 amore

352 3195 493 3270 precatus
517 3194 615 3266 esset,
637 3185 779 3249 abductus
803 3192 848 3248 est
870 3185 1027 3249 confestim
1050 3189 1080 3250 in
1105 3187 1357 3269 amphitheatrum.
1402 3186 1479 3250 Dein

351 3293 431 3356 illico
455 3294 485 3355 in
507 3292 538 3355 id
561 3292 708 3355 immissus
738 3310 778 3354 ex
801 3291 938 3354 mandato
962 3291 1099 3354 Caesaris
1124 3288 1138 3328 ⁵
1151 3291 1266 3372 pridem
1298 3288 1385 3370 dato,
1417 3290 1478 3353 line
1593 3351 1595 3354 .

351 3397 593 3479 spectaculorum
615 3396 785 3459 imminente
808 3393 892 3479 [erat
907 3397 986 3459 enim
1002 3396 1210 3477 solemnis,.ot
1229 3395 1379 3477 putabant,
1403 3397 1478 3477 dies,

350 3503 404 3584 qui
427 3502 534 3566 dicitur
554 3520 676 3566 romana
699 3503 799 3583 lingua
823 3497 955 3565 ltertius
980 3501 1127 3591 decimus,
1155 3518 1215 3582 quo
1243 3498 1378 3564 studiose
1401 3518 1477 3563 con·

348 3604 528 3693 venerant),
551 3608 595 3670 sic
618 3605 788 3670 crudelibus
811 3605 883 3670 feris
902 3607 989 3690 juxta
1015 3599 1182 3687 ⁷templum
1205 3612 1251 3669 est
1273 3605 1420 3687 objectus,
1439 3609 1475 3667 vut

346 3832 409 3902 quia
427 3828 488 3883 into
506 3828 601 3899 aliquot
625 3845 725 3883 menses
749 3831 915 3883 sententiam‘
962 3831 991 3899 7)
1018 3829 1079 3885 Erat
1106 3828 1322 3898 llmpbltbeatrnm
1351 3836 1407 3881 aut.
1420 3828 1477 3882 Jovi

344 3919 525 3988 pronuntiarat
543 3914 673 3982 Trajanos.
701 3918 838 3968 Cannaene.
927 3916 1026 3983 Latiari,
1046 3925 1089 3968 aut
1101 3915 1201 3984 Stygio,
1219 3923 1245 3966 et
1256 3915 1354 3967 Dianae
1365 3930 1475 3981 sacrum,

340 4012 343 4017 '
384 4005 416 4071 6)
435 4002 476 4055 Sc.
494 4010 553 4056 anto
571 4001 696 4056 calendas
714 4002 855 4067 lanuarias,
874 4009 901 4053 ut
928 4003 1090 4072 quamobrem
1103 4003 1255 4053 mirumnon
1269 4008 1317 4065 est,
1335 3999 1476 4067 bictcmpli

344 4107 382 4145 ex
401 4104 459 4157 cap.
473 4087 517 4140 vn
534 4097 654 4157 apparet:
669 4086 764 4156 ἐγένετο
779 4085 807 4137 dl
823 4089 900 4138 ταῦτα
927 4091 1080 4141 mentionem
1092 4088 1155 4140 lieri.
1175 4089 1312 4140 Granicus.
1338 4086 1417 4139 Vetus
1430 4085 1475 4138 ln-

342 4178 391 4241 τῇ,
404 4172 453 4242 πρὸ
480 4171 608 4241 δεκατριῶν
630 4172 780 4224 Καλανδῶν»
792 4169 899 4241 lavove-
926 4184 1025 4244 terpres
1038 4174 1163 4243 conlegit
1176 4175 1212 4239 τῷ
1224 4175 1280 4238 ναῷ,
1298 4171 1376 4225 habet
1394 4173 1474 4223 enim:

341 4263 413 4332 qcm.
439 4259 487 4313 llic
500 4260 542 4312 illo
555 4260 749 4314 celebrabantur
762 4261 827 4315 binis
840 4261 899 4312 die·
926 4266 957 4315 al
976 4265 1076 4331 impiis,
1094 4261 1204 4314 fortasse
1221 4257 1327 4326 legens:
1345 4254 1409 4325 naqa*
1427 4259 1476 4306 τῶν

334 4346 396 4405 -bua
414 4350 566 4420 Sigillaria,
586 4347 691 4416 adjecta.
698 4351 897 4405 Saturnalibus.
925 4343 1029 4398 ἀνοσίων
1045 4348 1101 4402 siva
1118 4342 1225 4415 ἀνόμων.
1251 4347 1342 4401 Sarra
