3659 5209
307 574 313 587 q
398 513 535 568 lllllllldll
554 511 688 568 PASTOR.
725 514 820 568 LIBER
839 514 879 568 lll.
918 509 1043 569 stultit.
1062 514 1104 572 lX.
1247 521 1323 585 429'

344 673 378 737 Π.
425 674 490 755 „De
514 682 601 739 sexto
625 695 700 740 vero
724 683 834 757 monte,
856 662 985 746 habente
1008 678 1156 741 scissuras
1182 679 1315 762 majores

318 798 389 843 res:
413 780 582 862 hujusmodi
606 788 683 861 sunt,
707 783 756 863 qui
773 782 972 846 crediderunt.
1017 781 1136 863 ¹Etlri,
1158 783 1331 864 inquibus

317 906 335 950 e
359 887 492 979 minores
516 895 616 968 erant,
647 889 676 950 lrl
699 893 782 967 sunt,
812 889 861 969 qui
884 887 962 950 iuter
984 906 1018 950 se
1042 887 1149 951 habent
1173 887 1259 968 lites,
1284 895 1313 951 et

316 993 473 1073 ·querelas
497 1010 567 1055 suas
591 993 620 1054 in
644 992 702 1055 fide
724 993 867 1075 languent
875 1014 884 1070 3
908 992 962 1055 sed
978 993 1059 1054 multi
1079 1011 1117 1055 ex
1133 993 1168 1055 iis
1185 1001 1313 1076 egerunt

307 1094 411 1176 utiam,
434 1097 573 1177 idemque
590 1096 701 1159 caeteri
718 1096 827 1158 sacient
843 1096 949 1159 auditis
966 1096 1110 1160 mandatis
1127 1100 1218 1172 meis;
1243 1098 1312 1159 exi·

306 1201 366 1280 ,im
391 1209 460 1264 sunt
482 1202 548 1263 lites
573 1218 687 1280 eorum,
710 1219 746 1263 ac
762 1200 848 1263 facile
865 1201 900 1263 ad
917 1201 1128 1282 poenitentiam
1144 1209 1310 1264 recurrent.

304 1306 360 1389 qui
384 1307 515 1386 majores
539 1305 657 1385 babent,
680 1306 756 1368 sicut
771 1305 884 1386 lapides
901 1306 1069 1386 pertinaces
1087 1309 1185 1385 erunt,'
1206 1305 1312 1368 simul·

314 1419 335 1474 t·
353 1409 535 1474 offensarum
559 1415 628 1472 sunt
650 1396 813 1489 memores,
843 1409 1025 1473 iracundiam
1052 1411 1128 1472 inter
1160 1429 1194 1472 se
1217 1428 1313 1481 exer,-
1363 1429 1365 1432 ·

291 1590 294 1595 ι
342 1516 380 1578 lli
406 1534 480 1597 ergo
504 1514 611 1596 abjecti
634 1501 855 1599 sumaturri,
879 1520 917 1576 et
945 1532 960 1576 a
989 1521 1140 1579 structura
1168 1516 1233 1596 eJus
1256 1531 1312 1592 ref·
1341 1545 1343 1549 >
1455 1591 1460 1605 Ι
1546 1556 1551 1567 -

301 1642 313 1700 ;
329 1618 508 1702 hujusmodi
522 1637 597 1703 ergo
613 1611 749 1681 homines
765 1617 884 1681 difficile
896 1618 1006 1682 vivent.
1030 1621 1111 1683 Deus
1126 1626 1156 1683 et
1168 1620 1312 1682 Dominus

315 1726 374 1808 qui
392 1723 558 1787 dominator
574 1725 702 1787 omnium
718 1718 828 1803 rerum,
845 1731 875 1787 et
890 1731 1047 1787 creaturae
1063 1743 1136 1788 suae
1152 1726 1322 1803 universae·

275 1816 485 1915 potestatem,
511 1829 642 1892 ollensas
664 1830 836 1891 meminisse
858 1848 920 1893 non
942 1830 1023 1911 vult,
1046 1830 1104 1907 sed
1123 1831 1159 1892 ab
1183 1830 1239 1909 bis,
1263 1830 1314 1910 qui

265 1942 299 2007 ta
321 1954 387 2017 ‘sua
410 1934 603 2012 confitentum
627 1932 714 1995 facile
735 1933 877 2014 placatur.
922 1934 1018 1997 Homo
1041 1954 1133 2015 vero,
1183 1953 1259 1997 uum.
1276 1935 1315 1996 sit

235 2020 263 2115 ,¹
298 2057 352 2120 us,
379 2040 520 2117 mortalis,
544 2037 676 2102 infirmus
700 2044 729 2099 et
752 2037 884 2118 repletus
908 2039 1050 2119 peccatis,
1074 2039 1185 2102 homini
1210 2036 1314 2120 ²per-

235 2134 362 2213 buter
379 2144 525 2223 irascitur,
541 2149 688 2223 tamquam
704 2139 909 2205 ³conservare
925 2161 992 2204 eum
1008 2143 1102 2224 possit
1114 2149 1163 2204 aut
1175 2141 1312 2224 perdere.

235 2232 375 2323 hurbem
398 2267 453 2310 vos
477 2265 601 2325 monce,
628 2247 748 2310 nuntius
771 2253 801 2308 et
823 2248 1011 2329 praepositus
1038 2246 1248 2327 poenitentiae,
1272 2253 1312 2325 ut,

235 2350 370 2436 'umque
393 2333 578 2434 propositum
600 2351 659 2414 tale
681 2350 804 2430 habetis,
829 2351 985 2433 deponatis
1002 2349 1088 2429 itud,
1106 2355 1134 2412 et
1150 2349 1186 2412 ad
1202 2349 1313 2431 poeui-

235 2452 317 2531 hm,
342 2457 523 2532 recurratis3
562 2464 592 2518 et
625 2456 768 2518 Dominus
806 2457 972 2519 medebitur
1004 2455 1159 2543 prioribus
1196 2454 1312 2517 delictis

235 2560 314 2644 blaa,
347 2564 373 2625 si
396 2562 431 2624 ab
456 2560 692 2633 lacedaemonio
716 2578 772 2623 vos
796 2561 1039 2642 pacificaverim}
1065 2560 1113 2638 sin
1135 2555 1259 2637 πιίηυε,4
1276 2555 1313 2620 ad

235 2658 311 2737 'em
334 2664 490 2728 trademini
513 2665 582 2727 iuis
612 2671 615 2678 '
698 2672 703 2676 ’
838 2672 840 2677 ’
1271 2746 1273 2750 .

235 2771 380 2859 tfxxlv.
416 2771 481 2850 „De
505 2775 605 2833 monte
627 2788 702 2833 vero
723 2771 859 2850 septimo,
883 2770 911 2831 in
929 2787 989 2851 quo
1006 2767 1141 2831 ⁴virides
1158 2774 1188 2830 et
1202 2767 1312 2829 hilares

282 2875 419 2954 laerbae,
444 2880 473 2937 et
495 2879 575 2937 totus
598 2891 683 2963 mous¹
707 2871 813 2936 fertilis
838 2880 909 2954 erat,
932 2882 1081 2959 omneque
1102 2860 1198 2957 {genus
1215 2889 1312 2954 pecu-

250 2981 443 3064 ·,carpebant
465 2980 604 3061 pabulum
628 2999 667 3041 ex
683 2979 791 3040 -herbis
823 2958 1172 3061 montis'ejusdems‘et
1201 2983 1312 3057 quanto

299 3085 433 3155 ,herbae
471 3085 539 3147 illae
577 3085 789 3165 carpebantur,
828 3090 908 3146 tauto
947 3083 1088 3147 laetiores
1125 3083 1310 3146 revirebant:

253 3192 256 3197 '
306 3191 356 3255 odi
380 3195 466 3268 sunt,
497 3190 547 3270 qui
570 3189 778 3267 crediderunt,
804 3186 954 3268 simplices
979 3194 1007 3249 et
1030 3186 1101 3250 boni
1123 3202 1259 3268 semper,
1283 3191 1313 3249 et

302 3286 449 3358 babentes
473 3294 550 3356 inter
573 3308 607 3356 se
629 3293 852 3371 dissensiones3
881 3293 935 3356 sed
959 3293 1114 3364 laetantes,
1133 3310 1252 3373 semper
1274 3292 1312 3356 de

304 3399 374 3478 Dei,
397 3398 492 3475 induti
514 3399 647 3479 spiritum
670 3394 954 3481 virginumharum,
979 3405 1009 3461 et
1027 3415 1146 3479 semper
1161 3398 1192 3459 in
1208 3404 1312 3460 omnes

253 3582 256 3589 Ι
287 3521 322 3568 es
345 3503 380 3566 ad
404 3500 570 3565 faciendam
592 3503 826 3572 misericordiam
859 3503 1003 3584 prompti,
1034 3507 1064 3563 et
1092 3500 1130 3564 de
1161 3501 1313 3565 laboribus

255 3609 386 3675 &cunctis
410 3607 577 3671 hominibus
599 3608 687 3672 facile
710 3610 874 3687 tribuentes
889 3605 967 3673 xsiue
993 3605 1176 3689 improperio
1200 3612 1230 3669 et
1252 3605 1311 3667 de·
1341 3677 1344 3682 ‚

280 3714 371 3777 tione.
415 3712 485 3775 Visa
516 3713 606 3794 igitur
623 3713 773 3779 ,Dominus
804 3712 988 3793 simplicitate
1020 3717 1049 3773 et
1081 3711 1162 3773 omni
1190 3708 1312 3773 infantia

235 3814 306 3899 fian,
320 3817 412 3882 auxit
435 3835 489 3880 eos
507 3819 541 3879 'in
564 3817 714 3879 laboribus
738 3836 874 3880 manuum
898 3821 1040 3895 suarum,‘
1058 3821 1096 3882 et
1110 3814 1193 3876 dedit·
1215 3814 1259 3875 eis
1281 3814 1329 3874 in'

235 3917 382 4006 alapae
405 3923 537 4007 gratiam.
583 3921 648 4003 Ego
665 3928 762 3984 autem
778 3923 881 3986 hortor
896 3939 964 4001 vos,
988 3921 1177 4003 praepositus
1200 3917 1310 4001 poeni-

235 4086 321 4157 ll‘Clr.
342 4093 375 4146 de
392 4093 480 4147 iisdem
500 4092 577 4146 Simil.
596 4090 691 4169 vult
710 4099 735 4144 et
797 4094 827 4162 4)
847 4091 897 4145 cfr.
922 4091 999 4144 Simil.
1019 4088 1089 4155 lllll,
1114 4088 1144 4140 3:
1175 4093 1211 4144 112·
1236 4107 1309 4159 vcro,

236 4174 305 4249 itt,
325 4182 350 4233 6.
560 4241 562 4244 y
764 4183 809 4250 qui
825 4182 943 4248 virides,
962 4183 1033 4232 sicut
1052 4189 1205 4255 aeceperunt
1211 4215 1220 4244 ‚
1249 4187 1310 4230 tra-

235 4265 250 4330 ξ)
268 4268 349 4322 Eccli.
368 4265 410 4333 28,
430 4267 454 4322 3.
604 4288 607 4293 ·
762 4269 899 4334 dictarunt)
927 4267 1037 4321 modesti
1059 4273 1123 4318 auat
1143 4274 1223 4335 atque
1237 4264 1312 4331 justi

235 4350 248 4422 )
266 4355 321 4409 Jac.
340 4355 375 4420 4,‘
386 4351 427 4407 12.
762 4362 811 4405 etc.
