3659 5209
541 547 665 610 tonarii
675 553 836 610 urtsrotn
854 553 899 609 ΑΙ)
919 553 1237 613 interamnanam.
1256 556 1297 612 11„
1315 550 1346 613 x
1441 563 1505 630 219

382 719 527 802 scripturn
551 723 605 796 est,
627 716 849 806 responderunt
863 717 951 780 mihi:
975 717 983 756 ¹
999 718 1058 782 huc
1075 717 1335 782 demonstrandum
1348 728 1406 784 est.
1440 722 1510 786 Mihi

383 843 461 889 vero
484 825 552 886 locu
576 820 780 903 ²antiquitatis
808 828 853 884 est
875 822 964 886 Jesus
987 822 1138 903 Christus,
1169 820 1363 905 ³ineorrupta
1392 834 1422 888 et
1452 846 1509 890 an·

380 930 469 1010 liqna·
489 928 626 1011 dogmata
648 927 718 988 mihi
741 934 809 989 sunt
832 944 907 988 crux
930 928 995 1009 ojus
1019 934 1049 989 et
1071 945 1151 991 mors
1182 934 1211 989 et
1237 930 1420 992 resurreetio
1444 932 1509 1013 ejus

329 1034 331 1093 ζ
382 1041 413 1098 ει
437 1032 555 1115 ⁴fides,
588 1051 665 1114 quae
686 1049 742 1115 per
764 1033 876 1119 ipsum:
907 1034 1015 1113 quibus
1039 1032 1196 1117 justificari
1225 1033 1295 1117 vulo
1325 1051 1381 1116 per
1402 1051 1509 1118 preces

383 1145 509 1202 vestras·
1066 1149 1068 1155 '

329 1331 335 1373 l
528 1329 577 1393 lX.
622 1329 745 1394 Bonum
766 1339 814 1393 est
840 1330 870 1394 V.
897 1331 941 1408 ll,
964 1330 1075 1393 melias
1098 1347 1210 1400 novam
1232 1329 1366 1396 Foedus.
1475 1330 1477 1341 '

329 1436 339 1543 i
471 1451 572 1516 ⁵Boni
603 1453 721 1534 quidem
753 1454 1044 1535 sunt-sacerdotes,
1076 1449 1304 1535 &praestantior
1334 1461 1431 1517 autem
1463 1462 1510 1518 est

329 1561 343 1601 ¹¹
380 1576 515 1624 summus
538 1557 690 1639 pontifex,
719 1559 769 1621 eui
799 1559 911 1622 eredita
935 1567 1003 1622 sunt
1025 1565 1126 1622 saneta
1156 1565 1344 1639 sanctorum,
1376 1561 1424 1621 cui
1453 1559 1509 1623 suli

329 1642 342 1720 1
379 1669 502 1728 secreta
525 1662 581 1723 Dei
604 1667 672 1725 sunt
693 1663 797 1725 tradita
805 1685 814 1739 ;
846 1665 895 1744 qui
919 1665 984 1745 ipse
1006 1670 1052 1726 est
1078 1659 1090 1699 ⁷
1097 1650 1190 1746 janua
1211 1664 1323 1743 Patris,
1345 1681 1400 1746 per
1422 1682 1510 1746 quarn

333 1770 338 1811 ¹
378 1760 592 1850 ingrediuntur
606 1766 753 1828 Abraham
772 1773 800 1827 et
816 1754 898 1830 isaae
919 1774 948 1830 et
963 1768 1068 1854 Jacob,
1092 1777 1121 1831 et
1143 1769 1308 1851 prophetae
1332 1775 1361 1831 et
1384 1769 1510 1850 apostoli
1548 1768 1550 1772 ’

329 1879 332 1911 l
379 1878 412 1934 et
445 1871 584 1933 eeclesia.
638 1865 771 1932 ⁸Omnia
803 1870 877 1935 haee
906 1872 943 1934 ad
973 1864 1114 1935 unionem
1145 1892 1210 1935 curn
1237 1873 1311 1936 Deo.
1363 1873 1510 1937 Eximium

377 1981 482 2039 autem
506 1974 664 2056 quidquam
689 1975 777 2036 habet
800 1974 1006 2059 Evangelium,
1028 1977 1164 2039 nimirum
1186 1977 1345 2039 adventum
1368 1971 1509 2039 ⁹Domini

377 2081 477 2144 nostri
492 2079 565 2142 Jesu
582 2078 697 2157 Christi,
720 2081 896 2161 passionem.
913 2081 1007 2159 ipsius
1032 2098 1067 2142 ae
1094 2082 1354 2143 resurrectionem.
1400 2082 1508 2144 Dilecti

377 2202 510 2265 namque
540 2184 706 2266 prophetae
736 2186 984 2247 annuntiaverunt
1014 2203 1099 2260 eum;
1129 2172 1322 2266 Evangelium
1355 2204 1429 2249 veru
1461 2193 1509 2248 est

383 2285 413 2326 ¹⁰
424 2288 570 2371 perfectio
594 2290 678 2355 vitae,
694 2294 845 2351 aeternae.
893 2288 1035 2354 1¹Omnia
1058 2290 1144 2353 simul
1165 2291 1342 2370 bona'sunt,
1365 2290 1508 2356 modain

377 2394 526 2456 charitate
549 2392 686 2455 credatis.

453 2581 489 2645 X.
537 2581 805 2664 Coaqraluleme'ni
828 2582 1036 2648 Antiocheam
1059 2587 1097 2649 de
1116 2587 1180 2668 fiae
1198 2586 1439 2667 perrewtionia.

471 2701 610 2780 ¹²Quum
641 2707 711 2768 mihi
743 2693 905 2769 nuntiatum
937 2709 991 2787 sit,
1027 2728 1081 2790 per
1112 2710 1278 2772 orationem
1313 2716 1444 2771 vestram
1477 2716 1507 2772 et

376 2809 690 2888 commiserationem,
726 2829 784 2890 qua
818 2813 976 2874 movemini
1011 2815 1040 2875 in
1075 2814 1210 2892 Christo,
1249 2814 1404 2875 ecelesiam
1438 2796 1507 2876 An-

375 2916 548 2978 tiochenam
581 2917 609 2977 in
641 2916 726 2998 Syria
764 2911 787 2951 ¹³
801 2910 903 2996 pacem
938 2919 1119 2994 obtinuisse;
1158 2918 1244 2980 decet
1277 2936 1351 2995 vm,
1389 2925 1420 2979 ut
1453 2918 1508 2979 Dei

376 3020 556 3098 ecclesiam,
580 3021 693 3103 eligere
718 3012 900 3099 diaconum,¹
915 3023 964 3100 qui
989 3024 1076 3084 obeat
1098 3023 1138 3084 ibi
1160 3023 1338 3105 legationem
1362 3022 1432 3098 Dei,
1456 3021 1508 3101 qni

377 3145 451 3190 cum
480 3126 553 3206 illis,
584 3127 612 3187 in
643 3145 734 3188 unum
764 3127 974 3209 congregata,
1005 3127 1090 3189 simul
1121 3125 1283 3209 gaudeat.‚·
1301 3133 1330 3188 et
1361 3125 1508 3208 glorificet

375 3360 488 3408 vertrae
512 3368 562 3420 pro
587 3353 824 3415 maturuerunt,
850 3353 932 3404 mutto
959 3349 1122 3422 Herinqinrr
1147 3355 1266 3421 pustula
1283 3351 1418 3416 electrina,
1436 3352 1509 3419 'quae

375 3456 446 3493 vero
465 3439 587 3491 nroliu'rer
604 3455 698 3507 precer
717 3440 828 3509 Cariati.
959 3455 1063 3507 remper
1089 3441 1216 3502 maerebit,
1246 3449 1308 3507 pert
1334 3455 1411 3506 quam
1441 3439 1509 3490 ratiti

415 3525 445 3590 6]
464 3523 631 3590 interpolator
648 3527 767 3589 κρείσσων.
959 3528 1075 3592 amptius
1094 3527 1263 3577 revelabitur.
1293 3528 1351 3576 Jru.

417 3611 449 3672 7)
469 3602 518 3661 cu.
535 3610 592 3662 Joh.
609 3611 649 3676 10,
663 3613 686 3661 7.
701 3610 735 3675 9.‚
755 3611 799 3662 nbi
819 3609 931 3663 Christus
979 3609 1022 3676 11)
1042 3609 1060 3661 l.
1081 3627 1104 3661 e.
1124 3609 1152 3660 ll.
1173 3618 1200 3660 et
1218 3611 1249 3672 11.ι
1268 3609 1295 3661 Τ.

378 3713 410 3751 ae
429 3698 485 3762 ipse
499 3699 613 3762 januam
631 3700 740 3749 vocavit.
978 3696 1022 3765 12)
1040 3691 1145 3751 ’Ennea
1170 3697 1205 3748 lta
1216 3695 1333 3749 Comme.
1359 3698 1512 3756 verdariae,

417 3782 447 3840 8)
467 3782 485 3833 1.
505 3800 528 3834 a.
548 3781 644 3849 Scopas
666 3791 717 3833 tum
743 3783 931 3849 prophetarum,
959 3792 989 3846 ει
1014 3788 1146 3838 Sarittiue
1176 3799 1232 3834 cum
1264 3785 1370 3836 Voreio‘
1388 3781 1508 3833 exhibent

377 3878 435 3922 tum
450 3869 620 3937 apostolorum
633 3877 682 3920 ete.
697 3870 761 3919 idem
775 3879 822 3933 est,
841 3886 932 3937 nempe
959 3870 1011 3920 ἐπεὶ
1031 3870 1065 3919 δέ.
1093 3875 1151 3922 luo.

378 3959 445 4008 anio
465 3957 565 4005 humani
585 3957 683 4022 generis
702 3971 758 4009 cum
778 3955 841 4007 Deo.
980 3959 1022 4018 13)
1041 3957 1080 4009 Ex
1098 3957 1146 4008 irae
1165 3963 1190 4006 et
1207 3954 1253 4022 Ep.
1273 3955 1306 4011 ad¹
1318 3955 1416 4020 Smyrn.
1436 3971 1458 4005 e.
1475 3953 1505 4005 11

372 4070 377 4079 ·
418 4041 448 4102 91
468 4040 638 4108 interpolator
650 4042 721 4093 addit
738 4045 844 4108 σωτῆρος,
863 4043 931 4111 quod
960 4045 1018 4112 (eir.
1046 4044 1083 4095 ad¹
1104 4042 1189 4109 Polyc.
1217 4057 1238 4092 c.
1263 4043 1292 4108 7)
1322 4041 1507 4109 cognoscimur,

379 4137 408 4180 et
428 4128 491 4195 legit
508 4136 560 4178 vet.
580 4127 628 4179 lnt.
654 4133 712 4180 Jue.
960 4132 1095 4198 ignatium,
1117 4133 1261 4198 priusquam
1280 4116 1403 4178 minorem
1423 4128 1507 4189 Ariana

376 4213 447 4280 -illt
465 4212 485 4264 l.
504 4229 529 4265 e.
548 4213 690 4282 Evangelio
716 4209 731 4277 ἦ
756 4213 864 4275 βασιλεία
888 4219 933 4281 Ιτοῦ
959 4219 1117 4287 reliquisset,
1136 4217 1169 4268 (le
1186 4215 1250 4283 pace
1271 4215 1398 4279 ecelesiae
1413 4213 1506 4264 Antio·

381 4298 448 4352 Θεοῦ
473 4302 499 4351 e‘t
525 4286 577 4351 uitii
602 4302 626 4350 iu
652 4301 701 4351 hoe
724 4315 805 4367 regno
829 4290 932 4353 aeterna
960 4304 1056 4353 chenne
1066 4289 1506 4357 ferulaceniorentrmuainiuo.

373 4387 495 4444 tonitru
525 4386 572 4439 εει.
615 4384 698 4441 nitier
726 4386 751 4440 l.
777 4385 793 4439 l.
823 4389 934 4458 explicat
960 4393 1052 4442 Ursae.
