3659 5209
562 515 700 575 uaaunu
718 516 868 583 aaaron.¹
888 516 984 573 urana
1003 519 1033 573 n.
1069 522 1264 583 urrunnu.
1410 533 1473 599 355

321 674 324 677 '
353 692 444 758 φορα
473 673 543 748 τοῖς
572 672 698 753 δούλοις
727 675 787 738 τοῦ
811 675 901 739 Θεοῦ.
929 685 1027 746 servis
1054 685 1119 747 Dei.
1164 686 1386 769 Aequanimitas
1415 710 1474 754 au-

352 773 395 843 Ἡ
414 773 452 840 δὲ
473 775 679 866 μακροθυμία
700 776 816 865 μεγάλη
834 777 903 845 ἐστὶ
929 793 988 849 tern
1022 789 1117 852 valida
1153 799 1199 853 est
1237 800 1267 855 et
1303 794 1406 874 fortis,
1443 804 1475 860 et

353 876 406 944 καὶ
428 877 537 970 ὀχυρα,
560 882 678 963 ἔχουσα
700 882 755 970 την
739 882 903 965 cotiano
928 891 1017 954 habet
1059 895 1198 957 virtutem
1243 915 1395 980 magnam,
1444 906 1475 963 et

353 1004 487 1073 ισχυραν
496 1009 547 1052 και
538 983 780 1074 καθημενηνεν
801 986 901 1051 Ι-πλα
928 994 1054 1057 sedet
1046 1016 1074 1060 rn
1111 996 1323 1080 ¹amplitudine
1355 1021 1472 1086 magna,

351 1095 466 1174 τυσμῴ
492 1090 645 1176 μεγάλῳ·
665 1090 776 1181 ίλαρα,
807 1083 900 1177 οἶμαλ
928 1098 1045 1179 hilaris,
1084 1103 1113 1163 in
1146 1121 1221 1183 pace
1252 1104 1405 1191 gaudens,
1443 1114 1474 1169 et

351 1190 503 1280 λιωμένη,
537 1194 589 1261 καί
617 1188 792 1320 σίμέριμνος
820 1184 901 1261 οὖσα
927 1201 1127 1268 honorificans
1149 1207 1342 1270 Dominum
1334 1228 1364 1270 rn
1394 1211 1473 1273 omni

351 1289 483 1378 δοξάζει
513 1292 569 1363 τόν
600 1294 707 1387 κίριον
738 1297 770 1365 ἐν
802 1299 902 1364 παντὶ
929 1313 1062 1389 ternpore
1085 1319 1247 1373 mansuete.
1291 1312 1371 1374 Haec
1394 1315 1472 1376 enim

349 1409 469 1490 καιρῷ,
491 1400 588 1489 μηδὲν
610 1400 728 1486 ἔχουσα
750 1401 781 1469 ἐν
803 1400 902 1490 ἑαυτῇ
928 1413 1141 1491 aequanimitas
1164 1416 1275 1478 habitat
1293 1434 1358 1478 curn
1374 1419 1472 1481 bene-

349 1504 474 1594 πικρόν,
497 1505 725 1593 παραμένουσα
747 1505 804 1574 διαί
820 1530 900 1572 παν-
927 1513 1104 1593 fidentibus3
1128 1537 1195 1580 narn
1217 1520 1369 1583 iracundia
1385 1522 1472 1583 stulta

347 1605 409 1686 τίς
431 1609 496 1698 [ἐν]
519 1606 678 1700 πραότητι
699 1612 753 1677 καί
773 1605 900 1699 ἠσυχίᾳ.
928 1625 973 1681 est
996 1628 1027 1682 et
1049 1621 1124 1684 levis
1148 1631 1178 1686 et
1200 1623 1287 1687 fatua.
1327 1625 1372 1688 De
1394 1626 1472 1688 stui-

348 1709 445 1802 Αῧτη
475 1704 530 1780 οὖν
558 1708 804 1806 ἠμακροθυμία
825 1739 899 1781 κατ·
928 1725 989 1787 titia
1026 1744 1100 1788 vero
1134 1728 1264 1790 nascitur
1298 1728 1471 1810 amaritudo,

348 1825 436 1886 οικεῐ
456 1818 538 1901 μετὰ
557 1822 621 1886 τῶν
640 1822 751 1889 πίστιν
766 1821 901 1903 ἐχόντων
928 1836 959 1891 et
1002 1849 1042 1893 ex
1079 1833 1272 1895 amaritudine
1309 1833 1472 1912 iracundia,

348 1915 539 2012 ὁλόκληρος·
561 1918 634 2013 ἡδὲ
648 1919 797 2017 ὀξυχολία
811 1931 899 2012 προί-
928 1951 968 1994 ex
990 1935 1141 2000 iracundia
1165 1955 1238 1999 vero
1261 1936 1355 2001 furor.

346 2051 410 2094 τον
439 2027 496 2110 μὲν
521 2030 629 2120 μωρία
650 2029 734 2097 ἐστὶν
755 2028 809 2095 καί
830 2027 899 2095 ἐλα-

347 2130 436 2223 φρία
450 2136 580 2223 φρενῶν,
595 2127 665 2202 εἶτα
679 2133 712 2201 ἐκ
726 2142 781 2223 τῆς
795 2130 898 2220 ἀφρο-

347 2233 446 2326 σύνης
474 2235 592 2324 γίνεται
621 2237 750 2328 πικρία,
785 2234 833 2324 [ἐκ
863 2233 900 2300 δὲ

346 2351 411 2430 τῆς
431 2341 576 2433 πικρίας]
598 2339 714 2428 θυμός,
736 2342 769 2410 ἐκ
791 2339 901 2407 diceri
930 2416 932 2421 y

347 2450 463 2531 θυμοῦ
482 2441 580 2538 ὀργῆ,
611 2444 645 2514 ἔκ
668 2447 704 2515 δὲ
726 2448 783 2535 τῆς
805 2443 901 2532 ὀργῆς
1403 2504 1405 2509 s
1455 2506 1462 2515 ⁴

348 2553 466 2640 priate
497 2543 576 2619 Είτα
597 2545 616 2616 ν’
638 2559 727 2640 μῆνις
742 2549 774 2616 ἐκ
788 2541 900 2642 τοσοί-
969 2554 1024 2616 Hic
1069 2573 1109 2617 ex
1154 2562 1197 2619 tot
1233 2560 1317 2622 maiis
1346 2569 1471 2624 creans

349 2679 418 2722 των
430 2658 530 2732 κακῶν
544 2654 756 2742 συνισταμένη,
782 2652 901 2739 γίνεται
928 2658 1011 2722 furor
1045 2666 1186 2742 operatur
1213 2669 1373 2744 ¹peecatum
1406 2683 1472 2727 ma-

349 2757 496 2850 ἀμαρτία
530 2760 646 2848 μεγάλη
682 2757 734 2849 καί
764 2752 899 2832 οίνίατος.
927 2781 1018 2844 gnum
1063 2771 1093 2825 et
1137 2765 1311 2829 insanabile.
1373 2768 1472 2840 Ouum

344 2857 445 2944 ὍτανΙ
459 2863 518 2953 yda
534 2858 640 2932 πάντα
654 2859 695 2930 τα
711 2856 901 2950 ἀνθρώπινα
928 2867 1006 2929 enirn
1029 2867 1104 2930 hacc
1128 2870 1226 2932 ornnia
1241 2871 1271 2932 in
1286 2888 1348 2933 uno
1372 2867 1470 2933 2νοεο

349 2969 456 3034 ταῦτα
471 2965 510 3041 ἐν
530 2966 577 3035 ἑνί
601 2964 736 3055 2υίηηείηι
751 2969 899 3042 κατοικεῖ,
927 2979 1012 3049 sunt,
1046 2972 1096 3034 ubi
1130 2979 1160 3034 et
1191 2973 1317 3053 Spiritus
1351 2981 1472 3041 sanctus

349 3069 442 3136 ὅπου
462 3072 515 3137 καί
536 3067 575 3138 τό
597 3079 722 3152 πνεῦμα
744 3064 781 3135 τὸ
800 3058 899 3155 ἅγιον,
928 3082 1076 3153 moratur,
1114 3094 1174 3138 non
1209 3079 1294 3157 capit¹
1318 3076 1376 3139 hoc
1408 3096 1471 3156 vas,

350 3168 392 3241 ori
414 3177 513 3264 χωρεῖ
533 3175 630 3242 ἐκεῖνο
652 3169 691 3241 τί
706 3174 811 3261 ἄμμος,
835 3170 901 3238 ἀλλ’
926 3177 980 3238 sed
1004 3178 1205 3259 supereffluit3
1228 3182 1366 3260 quoniam
1387 3186 1473 3243 tener

347 3269 633 3404 υπερπίκονρίζει
652 3277 692 3345 τί
741 3273 900 3367 τρυφερόν
926 3281 1047 3362 spiritus
1079 3301 1140 3346 ncn
1171 3289 1270 3363 potest
1298 3303 1366 3346 eum
1395 3285 1472 3357 rnaio

349 3383 433 3449 πνεῦ
432 3407 514 3465 μα,μ
501 3378 807 3506 μηέηονσυνήθειαν
818 3379 901 3464 μετοί
926 3386 1057 3468 spiritu
1048 3387 1208 3466 rrnmorari,
1231 3388 1345 3452 recedit
1368 3395 1398 3452 et
1414 3389 1472 3452 ha·

349 3495 497 3576 πονηρου
509 3510 687 3572 πνευματος
703 3509 755 3551 και
745 3484 899 3574 σκληρό-
925 3490 997 3553 bitat
1019 3508 1087 3552 curn
1110 3485 1302 3556 ³.mansueto

349 3613 448 3679 τητος
468 3593 637 3683 κατοικεῖν
659 3586 825 3678 ὑποχωρεῖ
847 3583 900 3655 οὖν

348 3693 421 3762 ολπο
434 3719 493 3763 του
479 3678 684 3786 ανθρώπου
697 3687 824 3772 τούτου,
846 3693 899 3759 καί

348 3798 441 3887 ζητεῖ
458 3807 612 3869 advocacia
626 3796 708 3885 μετοί
731 3790 897 3889 3πραοτη-

348 3926 407 3980 τος
438 3905 492 3972 καί
524 3897 664 3994 ησυχίας.
714 3897 792 3971 Εἶτα
822 3903 899 3970 ὅταν
969 3905 1101 3985 Deinde,
1132 3927 1221 3988 quum
1248 3872 1410 3986 recesserit
1432 3906 1469 3968 ab

385 4077 415 4146 1)
433 4042 592 4147 Αυιμζίιυίυ,
611 4082 659 4129 nia
645 4097 737 4145 ατυσμο
738 4100 748 4136 ς
766 4081 831 4147 τιμαί
845 4080 895 4132 Pa·
922 4072 969 4128 xli
998 4081 1095 4132 Vaccis
1118 4081 1188 4132 enirn
1212 4081 1288 4132 vacis
1309 4079 1377 4146 qaod
1394 4093 1469 4130 ccm-

347 4173 401 4219 trea
411 4169 494 4222 tactos
505 4170 705 4236 onimioffcetatc
716 4166 825 4220 denotat.
844 4165 894 4218 cn.
922 4167 1051 4230 mittitur,
1071 4183 1123 4218 oca
1140 4167 1292 4235 effluitetc.

346 4251 451 4308 lolem.
463 4253 494 4304 ad
506 4251 563 4305 Cor.
575 4253 745 4320 c.3auprap.
757 4252 798 4305 56.
808 4261 859 4305 not.
870 4253 895 4303 4.
959 4252 988 4319 3)
1013 4251 1032 4302 1.
1060 4269 1083 4304 e.
1114 4255 1143 4306 ι’νι
1172 4255 1288 4304 animam
1316 4253 1472 4309 iracundiae

382 4339 412 4406 2)
431 4337 450 4391 Ι.
465 4353 488 4391 a.
501 4341 590 4405 animo
601 4342 725 4417 dominio.
750 4337 802 4391 Cir.
812 4337 894 4392 uana.
923 4348 1106 4418 experientiae
1123 4341 1225 4408 recipit.

1189 4425 1263 4493 234}
