3659 5209
348 520 370 584 8
669 503 850 560 Bhenanus
868 499 1036 555 errsrotu.
1062 500 1105 553 iv.
1123 500 1153 552 V.

351 674 360 714 ¹
379 666 511 747 videritis
533 676 610 732 tanta
634 669 719 750 signa
743 673 773 728 et
795 671 927 727 monstra
950 663 979 724 iu
1003 663 1112 745 populo
1133 660 1348 735 iudaeorum,
1384 664 1415 718 et
1441 658 1474 718 sie

349 781 418 842 ilios
448 775 607 854 dereliquit
637 773 789 833 Dominus.
835 768 1041 830 Adtendamus
1072 783 1164 847 ergo,
1199 783 1239 825 ne
1272 762 1378 840 sorte,-
1413 763 1475 823 sieut

349 883 567 963 scriptumest,
591 875 701 937 ²motti
723 873 838 948 vocati,
858 872 958 952 pouei
981 872 1082 946 electi,
1105 870 1305 930 inveniamur.

348 1074 383 1136 V.
427 1070 548 1134 Novom
567 1067 698 1147 foedos,
717 1066 867 1145 passione
893 1062 1012 1123 Christi
1032 1060 1218 1139 fundatum,
1248 1068 1300 1122 est
1324 1058 1423 1122 nohis
1443 1058 1475 1118 od

633 1173 776 1245 rietatem,
803 1169 934 1230 Judoeis
958 1168 1001 1228 ud
1023 1168 1190 1228 interitum.

434 1298 561 1377 Propter
583 1293 641 1355 hoe
657 1292 802 1354 Dominus
824 1289 963 1351 sustinuit
985 1288 1103 1350 tradere
1126 1303 1237 1366 corpus
1262 1304 1361 1348 suum
1384 1285 1414 1346 iu
1428 1303 1473 1347 en·

347 1403 524 1476 terminium,
542 1405 574 1459 ut
588 1397 766 1469 remissione
782 1400 974 1473 peecatorum
989 1391 1216 1468 sanctificemur,
1232 1389 1319 1470 quod
1339 1397 1390 1451 est
1400 1408 1473 1471 spar-

347 1508 433 1568 sione
456 1502 611 1584 sanguinis
634 1500 720 1561 itlius.
766 1499 912 1577 Scriptum
935 1503 983 1558 est
1005 1498 1083 1558 enim
1106 1495 1144 1556 de
1167 1495 1237 1572 itio,
1268 1495 1428 1574 quaedam
1446 1492 1473 1555 ai

347 1580 489 1690 poputum
511 1605 704 1681 Judaeorum‚
728 1603 873 1685 quaedam
896 1599 933 1660 ad
956 1618 1022 1663 uos.
1067 1599 1144 1660 Dicit
1166 1600 1362 1677 autemsie:
1388 1596 1473 1662 ³i'sh

347 1718 476 1773 neretos
497 1716 544 1769 est
563 1715 694 1787 propter
711 1707 898 1785 ,iniquitates
922 1714 1060 1781 nostros,
1084 1713 1114 1766 et
1135 1712 1271 1765 vexatos
1288 1714 1342 1766 est
1355 1714 1473 1784 propter

346 1822 479 1893 peceato
501 1821 634 1883 nostro;
657 1813 811 1892 sanquine
835 1810 922 1872 iiiios
944 1812 1051 1873 saneti
1072 1828 1187 1870 sames.
1229 1808 1399 1889 Tanquam
1419 1809 1473 1873 eois

348 1919 391 1979 od
412 1917 569 1979 victimam
592 1916 748 1976 adductus
771 1923 837 1986 est,·
860 1923 890 1976 et
912 1916 994 1977 sicot
1016 1934 1116 1994 omnus
1141 1933 1249 1975 eorum
1269 1916 1426 1977 tondente
1439 1933 1472 1990 se,

348 2022 396 2083 sie
417 2040 482 2082 noo
505 2021 629 2098 operuit
650 2039 685 2081 os
708 2039 806 2081 soom.
852 2015 1117 2098 ‘'supergratuiari
1141 2035 1216 2098 ergo
1240 2017 1398 2080 dehemus
1419 2019 1473 2080 Do-

348 2125 438 2200 mino,
462 2124 530 2205 quia
554 2132 582 2185 et
604 2127 763 2206 praeterita
787 2125 874 2187 nobis
900 2122 1037 2197 ostendit,
1061 2127 1090 2181 et
1112 2123 1265 2201 sapientes
1291 2120 1380 2201 iecit,
1404 2122 1473 2185 etde

349 2227 454 2290 tuturis
477 2246 536 2290 non
560 2248 661 2292 sumus
684 2231 750 2291 sine
773 2228 933 2289 intellectu.
982 2225 1058 2287 Dicit
1082 2231 1195 2286 autem:
1231 2221 1339 2286 1Νοη
1373 2229 1474 2307 injuste

350 2333 516 2394 teeduntor
538 2335 620 2394 retia
642 2333 760 2395 aoihos.
807 2332 870 2392 Huc
900 2331 987 2409 dicit,
1021 2332 1089 2410 quia
1118 2333 1198 2412 juste
1230 2325 1365 2411 ⁶periet
1396 2334 1473 2396 homo

349 2436 463 2498 habens
486 2437 562 2498 viam
585 2439 726 2513 veritatis,
749 2436 912 2513 seientiam,
935 2445 965 2497 et
989 2454 1023 2497 se
1046 2436 1125 2496 avia
1142 2435 1306 2497 tenebrosa
1324 2456 1391 2500 non
1407 2455 1474 2500 eon·

349 2541 421 2610 tinet
452 2540 555 2602 adhue.
601 2539 638 2600 Et
672 2534 734 2601 'ad
767 2539 825 2600 hoe
855 2540 998 2602 Dominus
1030 2540 1167 2602 sustinuit
1198 2541 1259 2620 pati
1292 2560 1355 2622 pro
1389 2545 1474 2606 anius

349 2651 468 2721 nostra,
499 2661 565 2703 eum
595 2643 633 2703 sit
662 2643 744 2703 orbis
767 2649 914 2703 terrarum
938 2645 1100 2721 Dominus,
1135 2646 1182 2705 eui
1207 2645 1283 2707 dixit
1305 2643 1393 2710 ⁸die
1415 2656 1474 2715 ante

349 2747 589 2809 constitutionem
601 2745 731 2806 saeculi:
748 2739 934 2807 ⁹Feeiomos
946 2748 1099 2810 hominem
1112 2749 1155 2808 od
1167 2749 1337 2826 imominem
1351 2763 1383 2816 et
1394 2755 1474 2816 sirni-

348 2851 511 2912 titedinem
525 2857 671 2910 nostrum.
695 2849 852 2922 Quomodo
867 2868 942 2932 ergo
955 2853 1102 2929 sustinuit,
1114 2869 1181 2911 curu
1191 2852 1228 2912 ab
1240 2852 1417 2919 hominibus
1426 2859 1474 2921 hoc

347 2958 510 3032 pateretur,
534 2952 648 3013 discite.
685 2952 862 3033 Prophetae,
885 2958 921 3016 ab
946 2958 1011 3037 ipso
1036 2958 1180 3018 habentes
1205 2956 1331 3035 donum,
1357 2963 1474 3022 initium

350 3056 618 3137 prophetaverun13
650 3056 700 3117 iiie
722 3064 835 3137 eutem,
867 3067 899 3121 ut
922 3078 1045 3122 vacuam
1078 3060 1191 3121 iaceret
1220 3069 1353 3124 mortem
1387 3072 1418 3126 et
1445 3065 1475 3125 de

349 3160 473 3221 mortuis
495 3159 745 3222 resurrectionem
771 3162 942 3224 ostenderet
966 3160 1053 3246 (quia
1079 3166 1106 3227 in
1123 3182 1215 3224 carne
1232 3170 1402 3244 oportebat
1417 3188 1476 3231 eum

349 3260 526 3346 adparere),
543 3265 690 3342 sustinuit,
706 3272 738 3327 ut
753 3268 932 3347 promissum
945 3270 1117 3349 parentibus
1130 3267 1284 3346 redderet,
1301 3278 1333 3332 et
1349 3273 1417 3353 ipse
1428 3275 1477 3335 sihi

385 3450 412 3516 1)
425 3451 470 3502 Est
480 3452 620 3537 perfeetum
629 3469 636 3514 ;
646 3451 895 3518 Hierosolymaeuim
958 3458 987 3525 5)
1001 3455 1122 3509 Proverb.
1135 3454 1157 3518 ¹,
1171 3455 1210 3508 17.
1229 3455 1302 3510 Haec
1315 3461 1352 3512 ad
1363 3467 1476 3518 Johnson

345 3538 398 3604 jam
418 3547 473 3589 erat
492 3553 589 3588 eversa.
627 3535 678 3591 Cir.
698 3556 719 3592 c.
738 3539 802 3596 xvi.
924 3544 991 3595 dictu
1010 3553 1075 3595 sunt.

383 3624 412 3686 2)
432 3622 517 3673 hiattb.
536 3622 586 3688 20,
607 3624 647 3675 16.
665 3625 713 3688 22,
735 3627 775 3692 ii.
812 3626 895 3679 Verba
958 3630 1139 3692 6)11Ιοιηιτᾶυε
1167 3630 1232 3681 maie
1252 3637 1372 3686 correxit
1389 3640 1477 3704 peritii

346 3713 441 3776 ,nieht
464 3713 592 3778 erripmm
616 3711 679 3764 est“
702 3712 733 3762 ab
759 3713 895 3780 interprete
922 3730 969 3782 pro
985 3722 1078 3785 perier,
1098 3735 1154 3768 cum
1174 3734 1223 3769 nou
1241 3717 1476 3793 hocminusquan

347 3792 425 3844 latino
438 3794 521 3844 addita
533 3803 602 3861 putat
613 3798 729 3850 cremer
738 3796 815 3850 Beitr.
824 3799 842 3864 1,
852 3800 894 3851 28.
923 3801 1029 3852 aiterum
1049 3805 1073 3853 in
1092 3821 1138 3855 usu
1158 3804 1233 3854 inerit
1246 3820 1314 3857 aevo
1329 3812 1476 3875 posteriori.

383 3877 415 3943 ³)
436 3879 492 3931 isai.
513 3881 560 3945 53,
579 3881 603 3931 5.
624 3884 646 3934 7.
923 3887 958 3938 ita
978 3894 1004 3939 et
1022 3889 1081 3940 aiibi
1095 3895 1207 3955 interiet,
1227 3895 1343 3946 existet
1356 3902 1475 3961 transiet,

382 3965 410 4027 4)
429 3963 499 4016 Haec
519 3967 550 4018 ad
570 3987 620 4022 noa
638 3968 738 4021 locutus
751 3981 789 4023 est
802 3971 892 4022 Domi·
922 3975 998 4024 etiam
1018 3976 1084 4041 apud
1104 3975 1238 4042 Tiburtum..
1275 3984 1363 4035 Voss.

347 4064 402 4112 nus,
422 4050 494 4102 nobis
513 4053 629 4105 revelans
651 4063 755 4106 mortem
775 4058 893 4122 expiato·
958 4062 985 4128 7)
1005 4061 1023 4112 1.
1044 4079 1066 4113 e.
1086 4061 1144 4130 πρός
1161 4067 1234 4112 τοῦτο
1254 4087 1291 4112 =
1311 4089 1413 4138 porro,

346 4134 407 4184 riam
421 4130 510 4188 Christi
528 4148 553 4189 et
566 4139 624 4203 aliu,
643 4155 709 4207 quae
727 4149 784 4190 sunt
796 4140 893 4206 iutura3
956 4147 984 4213 8)
1003 4147 1062 4200 Seii.
1081 4160 1163 4217 parer.
1199 4154 1324 4206 Meuium.

345 4232 406 4285 ergo
430 4224 524 4285 gratias
549 4240 653 4291 agamus
680 4227 711 4275 ei.
746 4225 892 4295 'Sequentia
955 4231 1093 4299 {titiones
1115 4238 1137 4299 1,
1157 4235 1199 4287 26.

345 4317 407 4356 vero
425 4310 541 4364 ludaeis
559 4317 617 4360 sunt
635 4309 711 4361 dicta.
