3659 5209
492 509 616 567 16th
624 508 789 583 ,amatote
806 509 851 566 ho
871 509 1075 567 abrahaeos.
1094 513 1114 568 1.
1132 512 1163 570 lt
1183 512 1232 572 m·
1358 520 1422 587 223

478 674 498 739 1.
546 672 694 755 Giorifico
717 673 816 737 Deam
832 683 968 755 propter
988 676 1080 757 fidem
1101 683 1245 742 cernam.

235 788 269 853 ;t
391 779 557 869 ¹Giorifico
580 779 682 844 Jesum
707 770 852 843 Christum
876 781 985 861 Deum,
1017 782 1068 864 qui
1096 799 1151 846 vos
1174 781 1250 846 adeo
1272 762 1423 865 sapientae¹
1467 844 1472 850 .

235 880 438 973 [qrcddidim
470 885 629 950 observavi
654 885 748 965 enim,
778 886 931 968 periectos
962 905 1018 950 vos
1044 905 1113 950 esse
1138 887 1167 950 in
1190 887 1249 950 fiae
1271 890 1421 972 immobili,

235 997 325 1079 {aaut
355 990 476 1057 ²clauis
506 990 613 1077 affixos
645 990 726 1053 cruci
749 991 868 1054 Domini
889 991 964 1053 Jesu
987 991 1123 1068 Christi,¹
1145 989 1272 1075 ³quoad
1301 1013 1421 1060 carnem

235 1098 273 1181 ν’)
295 1105 324 1161 et
357 1098 501 1175 animam,
540 1094 734 1158 at-firmatos
766 1096 796 1157 in
832 1095 974 1158 charitato
1007 1115 1062 1178 per
1094 1099 1269 1181 sanguinem
1304 1099 1420 1180 Christi,
1529 1144 1532 1149 -

235 1184 583 1289 “persuasissimum
614 1199 776 1277 habentes,
808 1200 965 1262 Dominum
995 1219 1103 1263 revera
1136 1220 1205 1264 esse
1236 1221 1276 1265 ex
1306 1221 1421 1284 genere

235 1313 272 1379 Ε
292 1304 577 1390 Davidsecundum
601 1322 739 1383 caraem,
769 1304 857 1366 hlium
881 1304 936 1366 Dei
966 1305 1129 1368 secundum
1160 1303 1369 1371 ⁶voluntatem
1392 1313 1422 1369 ct
1489 1312 1492 1317 '

235 1440 267 1493 :p
289 1412 455 1495 potentiam
478 1411 551 1489 Dei,
582 1393 682 1473 natum
714 1427 788 1471 vere
818 1428 858 1473 ex
885 1408 1021 1491 virgine,
1054 1409 1231 1491 baptizatum
1254 1429 1271 1472 a
1294 1410 1420 1490 baanae,

235 1512 356 1590 d⁶ut
386 1515 557 1597 impleretur
588 1514 624 1576 ab
656 1532 692 1578 eo
724 1515 819 1577 omnia
844 1515 975 1598 justitia,
1008 1533 1083 1576 vere
1113 1517 1168 1578 sub
1199 1516 1302 1579 Pontio
1329 1516 1441 1582 Pilato.

235 1653 254 1711 p
285 1629 320 1713 et
344 1619 467 1684 Herode
496 1619 643 1682 tetrarcha
673 1619 765 1682 clavis
794 1618 943 1681 confixum
975 1637 1030 1700 pro
1064 1620 1149 1682 nobis
1177 1621 1207 1682 in
1230 1638 1329 1693 carne.
1374 1618 1421 1682 Ex

235 1734 250 1759 '³
283 1727 352 1809 hoo
376 1724 474 1789 fructu
499 1719 582 1787 ⁷nos
605 1742 706 1787 sumus
729 1742 784 1805 per
807 1723 906 1789 divine
930 1725 1046 1786 beatam
1067 1726 1238 1806 passionem
1265 1726 1340 1808 ejus,
1364 1717 1422 1786 ⁸ut

235 1862 241 1905 p
284 1849 349 1915 per
365 1829 624 1907 resurrectionem
646 1847 729 1891 suam
753 1829 782 1889 in
806 1828 907 1890 secula
938 1828 1037 1891 elevet
1067 1830 1208 1892 vexilium
1232 1847 1286 1910 pro
1309 1829 1420 1892 sanctis
1456 1810 1458 1813 ⁵

284 1943 321 2005 aa
354 1933 497 2025 coeranus.
520 1924 600 2019 sua,
632 1933 697 1996 sna
727 1932 925 2010 intraneis,
957 1933 1022 1995 sue
1052 1933 1081 1996 n
1110 1935 1268 2016 gentibus,
1298 1935 1328 1996 n
1359 1917 1439 1998 uuo.

285 2058 426 2122 corpore
448 2037 594 2102 ecclesiae
616 2056 699 2104 suae.

336 2231 370 2294 il.
412 2229 560 2314 ‚Christus
582 2248 655 2294 cere
677 2229 711 2290 in
736 2245 832 2290 corne
850 2244 970 2307 poscas
990 2236 1045 2292 eet.
1087 2227 1206 2291 Contra
1228 2229 1376 2295 Docetoa.
1454 2271 1458 2277 -

381 2347 513 2416 ⁹Omnia
544 2338 641 2415 autern
673 2351 747 2440 haec
775 2366 882 2431 passus
913 2357 960 2414 est
990 2357 1114 2432 propter
1136 2367 1210 2427 nos,
1241 2358 1273 2414 ut
1295 2350 1418 2414 satutem

286 2466 556 2538 consequeremur.
601 2456 637 2519 Et
660 2444 766 2516 revera
788 2472 894 2536 passus
918 2461 980 2531 est,
1009 2462 1041 2518 ut
1063 2461 1093 2517 et
1115 2474 1221 2518 revera
1246 2450 1273 2493 ¹⁰
1287 2456 1418 2536 seipsum

285 2563 500 2638 resuscitavit3
524 2581 594 2638 nou,
617 2565 649 2623 ut
669 2559 785 2640 quidam
809 2555 943 2621 infideles
965 2558 1074 2638 dicunt,
1102 2559 1124 2596 ¹¹
1138 2558 1301 2623 secundum
1322 2570 1418 2642 appa-'

287 2666 420 2730 rentiam
434 2685 500 2727 eum
512 2683 632 2747 passum
645 2682 724 2742 esse,
740 2665 795 2746 ipsi
807 2663 970 2726 secundum
989 2661 1225 2746 ¹²apparentiam
1238 2666 1402 2727 existentes
1408 2686 1417 2742 ς

289 2779 324 2835 et
347 2769 593 2850 qraemadmortum
617 2770 743 2850 sapiunt,
766 2769 809 2832 sic
830 2775 859 2831 et
879 2770 1033 2853 continget
1054 2769 1107 2848 cis,
1131 2770 1240 2852 quippe
1255 2770 1305 2852 qui
1320 2769 1419 2852 phan-
1444 2844 1447 2849 .

289 2875 392 2938 tastici
415 2876 474 2937 sint
496 2881 526 2937 et
548 2874 694 2938 diabolici.

272 3114 274 3118 -
391 3066 436 3129 111.
483 3065 628 3129 Christus
649 3050 681 3127 et
699 3064 776 3144 post
795 3062 1054 3128 resurrectionem
1076 3058 1227 3129 incarne
1247 3065 1319 3144 sarit.

385 3185 486 3270 ¹³Ego
502 3187 580 3250 enim
594 3187 667 3265 scio,
684 3193 713 3249 et
727 3176 796 3266 post
810 3164 1061 3249 resurrectionem
1077 3206 1145 3250 eum
1160 3187 1190 3250 in
1205 3206 1295 3251 carne
1313 3186 1418 3269 fuisse,
1471 3178 1474 3183 ⁴

291 3302 326 3359 et
347 3294 439 3357 credo
463 3312 530 3356 eum
552 3293 648 3363 adhuc
671 3293 701 3354 in
723 3310 814 3379 carne
841 3309 920 3354 csse.
965 3290 1001 3353 Et
1032 3291 1150 3372 quando
1181 3293 1216 3361 ad
1240 3293 1356 3354 Petrum
1387 3297 1420 3354 et

290 3400 399 3465 socios
415 3401 480 3482 ejas
495 3399 586 3477 venit,
610 3397 654 3460 eis
677 3397 766 3459 dixit:
791 3393 1060 3476 ¹⁴apprebendire,
1080 3396 1211 3476 palpate
1236 3405 1292 3474 me,
1316 3402 1345 3459 et
1367 3396 1418 3458 ci-

316 3570 362 3635 10)
382 3568 432 3622 Cir.
453 3570 515 3623 inira
534 3587 557 3624 c.
573 3569 602 3622 7:
620 3565 636 3618 δ
652 3566 730 3636 πατήρ
747 3564 841 3637 ἤγειρεν,
870 3565 920 3619 cn.
935 3570 966 3622 0.
980 3565 1023 3620 W.
1035 3571 1080 3622 rr.
1096 3570 1201 3621 Walehr
1219 3584 1283 3621 arram
1297 3567 1418 3637 inactiva

293 3658 371 3709 etad
391 3656 465 3708 Trahi.
485 3674 508 3709 c.
527 3657 552 3708 9.
712 3663 718 3668 ’
871 3656 1010 3708 Chr-iatam
1038 3662 1099 3722 port
1133 3656 1355 3707 ruurrcctr'onera
1389 3655 1419 3706 in

315 3744 362 3814 11)
380 3742 708 3821 Similias'cripsitlgnatius
723 3741 842 3795 radicati.
871 3757 952 3795 carne
985 3743 1088 3795 viderit.
1136 3738 1296 3818 Programma
1329 3737 1418 3806 pasc'b.

295 3847 319 3883 c.
341 3829 400 3881 10.’
712 3828 717 3838 “
871 3827 982 3896 Gottiug.
1002 3827 1077 3879 1772.
1376 3826 1378 3841 '

315 3918 362 3983 12)
381 3915 511 3982 Ejusmodi
524 3918 721 3984 'paronomasiae
744 3917 845 3982 saepius
892 3912 938 3983 14)
961 3915 1031 3966 Haec
1059 3930 1091 3964 ex
1117 3911 1264 3981 apocrypha
1292 3915 1420 3969 Doctrina

295 4005 366 4073 apud
386 4003 507 4071 ignatium
527 4003 659 4070 teguntur,
678 4019 700 4055 c.
713 4020 738 4072 g.
759 4006 784 4054 iu
802 4005 845 4054 ia·
872 4004 946 4055 Petri
959 3997 1060 4066 (διδαχή
1072 4000 1179 4064 Πέτρου)
1198 4007 1279 4050 comta
1291 3998 1417 4050 videntur.

295 4092 434 4156 scriptione
456 4089 582 4156 epistolae
609 4090 640 4140 ad
668 4088 845 4157 Polycarpum,
869 4091 1001 4157 (tricenae
1030 4088 1099 4139 enim
1128 4087 1175 4151 (de
1199 4086 1344 4154 principiis,
1374 4084 1417 4135 ed.

295 4178 321 4229 in
333 4168 389 4243 Ep.
409 4179 440 4228 ad
459 4176 532 4228 Rom.
552 4192 575 4226 c.
588 4176 624 4240 8.,
643 4162 764 4248 obirati.
783 4193 805 4227 c.
819 4176 843 4226 5.
873 4173 1057 4241 hedepen'ning
1074 4190 1099 4241 p.
1118 4171 1163 4235 91)
1187 4171 1279 4225 roten:
1304 4175 1329 4223 in
1354 4169 1419 4222 libro

315 4263 362 4331 13]
380 4261 451 4315 liaeo
468 4262 572 4314 landant
591 4265 689 4327 Eunai.
709 4261 739 4313 ll.
756 4260 785 4313 Ε.
804 4246 845 4313 iii.
872 4254 1020 4328 apocrypho
1033 4263 1161 4315 Doctrina
1172 4262 1248 4321 Petri
1259 4259 1376 4326 Salvator
1387 4254 1420 4308 ad

296 4350 331 4404 36
344 4357 371 4403 et
382 4352 533 4405 Thronos-at.
552 4347 619 4401 orat
631 4346 661 4403 il.
681 4336 697 4402 1.
711 4364 733 4400 c.
747 4364 778 4424 p.
788 4346 846 4411 127.
875 4345 1011 4416 disciputus
1030 4346 1118 4399 dicero
1133 4345 1250 4402 nide'tura
1268 4362 1341 4414 „nan
1357 4360 1420 4404 aaut

1434 4642 1529 4660 A*
