3659 5209
709 513 902 569 naumurum
921 514 947 568 S.
966 515 1095 571 ruhault.
1115 518 1146 576 11.
1425 526 1489 593 247

585 675 618 737 11.
659 676 803 758 lpuotius
828 697 847 739 u
873 678 1014 756 Trojano
1038 680 1272 745 condemnetur.

314 762 340 847 ἶ
453 780 599 849 Posthaec
623 781 698 843 enim
724 781 884 863 trajanus,
910 782 1018 846 ¹nono
1041 787 1154 868 imperii
1177 788 1223 849 sui
1246 807 1342 867 anno,
1364 790 1489 855 victoria

314 916 331 955 1·
363 883 404 946 de
428 885 545 966 Scythis
569 892 598 948 et
613 886 701 948 Dacis
726 887 849 967 aliisque
873 888 970 951 multis
993 891 1131 970 gentibus
1155 897 1303 972 reportata
1326 893 1428 971 elatus,
1452 895 1489 958 ad

313 1022 319 1063 r
361 990 582 1071 subjectionem
605 993 734 1060 omnium
756 991 811 1052 sibi
832 991 927 1055 adhuc
947 994 1026 1075 pium
1043 993 1273 1059 Christianorum
1294 1005 1411 1060 coetum
1430 1001 1489 1062 de-

361 1113 435 1156 esse
451 1102 543 1172 ratus,
559 1096 868 1176 persecutionemque,
885 1096 942 1158 nisi
959 1097 1133 1160 daemonum
1147 1100 1253 1163 cultum
1270 1121 1335 1163 cum
1352 1090 1488 1166 omnihus

358 1201 505 1282 gentibus
529 1196 820 1282 ²amptecterentur,
852 1201 995 1280 urinalus,
1028 1199 1160 1265 ³omnes
1187 1205 1329 1291 religiose
1354 1207 1488 1270 viventes

358 1305 612 1368 aut-sacrificare
640 1313 691 1367 aut
722 1305 796 1366 mori
825 1305 961 1386 cogebat.
1007 1306 1080 1367 Tum
1111 1326 1185 1370 vero
1216 1328 1271 1390 pro
1302 1311 1489 1374 Antiocheno

358 1408 494 1470 ecclesia
510 1410 725 1489 pertimescens
740 1427 909 1490 generosus
927 1409 1033 1473 Christi
1056 1411 1137 1474 miles
1162 1410 1292 1493 ⁴sponte
1316 1415 1420 1478 ductus
1443 1421 1489 1478 est

357 1511 400 1595 od
417 1512 587 1594 Trajauum,
610 1514 659 1593 qui
683 1531 720 1575 eo
744 1521 877 1594 tempore
894 1513 1070 1599 Antioohiae
1093 1516 1210 1596 quidem
1232 1519 1411 1597 morabatur,
1433 1518 1488 1581 sed

357 1602 467 1680 contra
491 1617 661 1679 Armeniam
692 1623 721 1678 et
743 1617 865 1680 Parthos
895 1618 939 1679 ire
971 1617 1136 1681 festinabat.
1183 1620 1218 1682 Ut
1243 1640 1317 1684 vero
1348 1623 1378 1685 in
1409 1642 1488 1687 con-

356 1729 469 1805 spectu
486 1723 604 1805 Trajoni
616 1723 807 1804 imperatoris
824 1723 923 1785 stetit:
946 1723 1017 1803 quis
1034 1744 1078 1802 es,
1102 1725 1205 1806 iuquit,
1230 1744 1248 1788 o
1266 1727 1487 1805 cacodaemoo,

356 1829 418 1909 qui
434 1835 544 1890 uestro
557 1829 710 1890 muuduta
725 1828 906 1908 truospredi
922 1829 1062 1905 eniteris,
1080 1827 1254 1910 ⁵simulpue
1270 1831 1342 1892 otiis
1358 1833 1485 1910 suades,

351 1941 397 1996 ut
418 1934 497 1996 moto
515 1940 657 2012 pereunt.
701 1933 832 2015 ignatius
855 1932 1027 2012 respondit:
1051 1953 1138 1995 nemo
1159 1935 1373 2014 Theophorum
1394 1943 1490 1999 oocut

358 2040 642 2111 cacodaemonem
676 2038 896 2099 abscesserunt
926 2037 1007 2096 enim
1040 2038 1206 2111 doemonia
1236 2059 1257 2099 o
1285 2042 1388 2102 seroie
1417 2041 1486 2103 Dei.

347 2142 419 2209 'sen
444 2163 528 2221 uero,
553 2145 628 2223 puio
651 2145 692 2205 iis
716 2142 851 2220 infestus
874 2160 958 2216 sum„
977 2160 1022 2202 me
1046 2137 1163 2202 ⁶etiom
1179 2144 1291 2206 reolum
1307 2146 1342 2204 io
1359 2146 1486 2207 doemo-

356 2268 424 2311 nes
446 2267 550 2324 cocus,
575 2250 741 2311 assentior.
790 2245 865 2335 Cum
887 2247 968 2306 euim
990 2246 1122 2309 huheom
1146 2246 1301 2308 Christum
1328 2250 1488 2311 coetestem

352 2373 475 2434 rupem,
500 2353 634 2435 iusidias
658 2355 783 2415 illorum
806 2351 958 2412 dissolvo.
1004 2351 1043 2414 At
1066 2353 1230 2435 Trajanus,
1256 2353 1412 2433 quiscat,
1437 2355 1486 2432 ait,

361 2459 594 2538 Theophorus?
638 2457 767 2540 ignatius
799 2455 984 2535 respondite
1002 2459 1048 2535 is,
1081 2459 1135 2538 qui
1157 2457 1249 2520 habet
1274 2457 1430 2520 Christum
1452 2458 1486 2517 iu

353 2573 497 2648 pectore.
542 2565 616 2626 Tum
632 2562 787 2644 Traianus,
813 2580 919 2623 onnon
942 2562 1083 2624 videmur
1106 2562 1172 2640 tihi,
1196 2562 1299 2642 inquit,
1318 2570 1353 2649 *et
1372 2579 1431 2622 nos
1451 2560 1486 2621 in

358 2673 468 2734 auimo
483 2676 605 2750 pastore
617 2668 702 2729 Deos
718 2675 855 2741 uestros,
873 2666 985 2746 quibus
999 2669 1154 2731 adversus
1166 2670 1271 2731 hostes
1286 2666 1487 2746 adjutoribus

351 2775 503 2840 utimur?
546 2774 580 2857 lg
621 2773 676 2835 tius
700 2772 868 2852 respondit:
900 2773 1065 2863 doemonio
1092 2774 1227 2853 pentium
1255 2786 1366 2835 'errans
1388 2761 1486 2834 oecos

357 2881 449 2944 Deos
457 2898 468 2952 ‚·
491 2886 537 2940 est
661 2894 741 2938 uuus
765 2877 866 2954 Deus,
890 2879 944 2958 qui
969 2880 1085 2940 coelum
1107 2887 1137 2940 et
1159 2887 1274 2941 terrum
1299 2886 1329 2940 et
1351 2898 1435 2940 mure
1458 2885 1489 2941 et

360 2987 478 3061 omnio,
502 3002 583 3062 quoe
606 2991 682 3057 sunt
701 2983 735 3044 iu
758 2983 808 3060 iis,
829 2984 926 3063 fectu
947 2992 978 3044 et
998 3003 1078 3046 uuus
1105 2983 1247 3060 Christus
1269 2984 1379 3060 Jesus,
1401 2983 1488 3062 fitius

342 3091 425 3163 :Dei
454 3088 648 3168 unipeuitus,
680 3089 772 3165 cujus
803 3106 898 3167 reptw
929 3089 1048 3150 utinum
1070 3089 1182 3167 fruar!
1226 3090 1371 3170 Trajanus
1396 3088 1486 3153 dixit:

356 3197 451 3258 illum
482 3195 582 3270 dicis,
616 3194 670 3273 qui
698 3194 754 3257 suh
777 3193 890 3255 Pontio
913 3194 1015 3256 Pilato
1047 3195 1217 3274 crucifixus
1241 3195 1313 3254 est?
1340 3194 1487 3276 ,tgnatms

340 3298 533 3382 respoudit:
568 3318 655 3376 curre,
686 3299 739 3377 put
762 3301 796 3361 io
819 3321 939 3364 crucem
962 3303 1090 3364 sustulit
1107 3308 1271 3379 peccatum
1298 3320 1398 3362 meum·
1420 3319 1488 3361 cum

360 3409 431 3483 ejus
453 3405 634 3483 incentore,
666 3411 697 3466 et
718 3424 835 3468 omnem
858 3427 996 3469 errorem
1026 3407 1277 3482 daemoniacum,
1311 3423 1487 3485 omnemque
1549 3467 1553 3475 ,

322 3524 325 3529 ·
360 3510 515 3571 malitium
538 3509 692 3571 domueris
711 3510 846 3589 subjecit
861 3512 996 3591 pedihus
1017 3531 1137 3588 eorum,
1162 3512 1215 3590 qui
1231 3512 1331 3590 ipsum
1347 3510 1380 3569 iu
1396 3508 1488 3583 corde

360 3598 485 3697 perum.
522 3616 561 3676 m
577 3614 731 3707 Trajauus,
756 3636 841 3697 erpo,
858 3618 906 3695 ait,
921 3619 1006 3697 peris
1023 3617 1056 3676 io
1072 3623 1100 3676 te
1121 3615 1313 3695 crucifixum.
1355 3613 1485 3697 lgnalius

360 3856 419 3894 rus:
439 3849 468 3894 ul
480 3843 620 3894 daemones
634 3843 769 3895 coleron
777 3850 793 3894 t.
819 3844 911 3896 Potor·
939 3840 1081 3907 Trajaoum,
1094 3849 1121 3891 ut
1134 3856 1190 3891 eum
1204 3839 1317 3906 placaret
1329 3837 1488 3904 expositione

361 3945 457 3992 11111111,
476 3926 555 3994 ignat.
574 3926 653 3994 Epist.
672 3944 696 3994 p.
717 3928 767 3978 453
786 3945 823 3996 sq.
941 3929 1071 3979 doetrinae
1091 3928 1257 3990 christianae,
1285 3933 1343 3988 aut,
1369 3925 1390 3973 si
1409 3923 1487 3972 minus

399 4015 428 4078 3)
451 4011 479 4064 ‘0
502 4012 576 4077 φόβος
600 4022 658 4087 aute
682 4011 775 4071 ederes
801 4017 825 4065 in
849 4014 912 4066 histo
940 4032 997 4067 eum
1017 4016 1118 4083 placare
1137 4021 1237 4085 posset,
1255 4019 1332 4088 totam
1352 4010 1412 4059 irum
1431 4006 1487 4072 ejus

361 4102 431 4156 male
449 4101 558 4154 additum
577 4110 746 4153 assumentum
766 4110 819 4165 est,
845 4102 911 4170 quod
941 4106 995 4169 ipse
1021 4104 1164 4167 exciperet,
1190 4098 1375 4166 ecclesiamque
1394 4095 1487 4145 Aratio·

361 4198 456 4242 neuter
485 4195 559 4256 vetus
585 4188 630 4240 lat.
657 4188 746 4261 latinus
773 4190 797 4240 in
818 4187 912 4241 Codice
940 4189 1045 4241 eheuam
1064 4190 1100 4238 sie
1113 4194 1179 4238 metu
1193 4182 1324 4237 liberaret.
1350 4186 1487 4235 Orurrees.

342 4283 411 4333 'ouo
429 4276 541 4345 legebat.
568 4280 710 4327 Jaooasou.
772 4311 795 4327 „
974 4274 1112 4340 uillelmo
1131 4276 1180 4321 τοῦ.
1208 4277 1297 4324 Surae.

397 4364 562 4436 d).lguatius
586 4370 677 4430 sponte
699 4378 728 4415 11
742 4363 857 4433 ⁴eontulit
881 4364 911 4416 ad
975 4362 1004 4429 6)
1023 4363 1074 4410 Kat
1093 4360 1210 4413 abundat.
1240 4363 1331 4412 Surae.

1433 4572 1580 4658 fl
