3659 5209
542 532 761 591 3333333333
780 536 825 591 ro
845 537 919 592 coa.
938 540 1037 597 xxxm
1055 510 1169 601 mm.
1372 490 1415 621 91

288 710 305 753 3
331 691 398 755 1133
422 691 537 757 Jacobo
560 677 775 776 tributasunt,
798 699 1046 782 magnificentiam
1070 703 1221 788 intelliget.
1267 711 1313 774 Ab
1338 712 1416 778 ¹illo

287 797 369 859 enim
392 799 449 860 orti
473 804 542 861 sunt
563 800 737 865 sacerdotes
761 821 866 866 omnes
889 810 919 867 et
941 805 1083 886 Levitae,
1110 809 1160 888 qui
1183 811 1266 875 311331
1287 815 1343 880 1131
1364 818 1416 882 in-

287 902 445 979 serviunt;
478 900 542 967 ²ab
572 905 623 967 illo
647 905 791 969 Dominus
814 907 904 971 lesus
933 911 1097 975 secundum
1127 931 1266 993 carnem3
1299 922 1335 983 ab
1365 923 1416 987 illo

235 1062 237 1077 ,
288 1024 399 1089 regeS,
433 1009 583 1090 principes
613 1018 644 1072 et
676 1010 768 1074 duces
797 1031 852 1092 per
883 1011 1021 1076 familiam
1046 1014 1150 1079 dudae.
1195 1019 1259 1082 Nec
1282 1023 1417 1105 reliquae

235 1152 239 1187 ,
289 1113 357 1193 ejus
380 1112 473 1174 tribus
497 1115 527 1175 in
550 1132 644 1194 parvo
668 1114 784 1177 bonore
807 1121 894 1194 sunt,
922 1118 1111 1197 promittente
1135 1120 1249 1183 scilicet
1273 1123 1415 1190 Domino:

235 1302 237 1312 ι
290 1210 380 1277 33311
401 1236 503 1280 senen
526 1224 611 1279 tuum
635 1227 782 1299 tunquam
805 1221 916 1281 3131133
940 1221 1027 1283 coeti.
1072 1221 1095 1283 li
1119 1241 1194 1305 ergo
1219 1243 1323 1290 omnes
1345 1230 1418 1312 glo-

289 1320 365 1382 riam
388 1327 418 1383 et
441 1322 662 1402 amplitudinem
684 1325 837 1386 consecuti
858 1331 937 1399 sunt,
961 1342 1020 1387 non
1037 1344 1092 1406 per
1107 1328 1236 1407 seipsos,
1259 1340 1310 1394 aut
1326 1351 1420 1414 opera

236 1444 259 1499 ¹,
289 1445 355 1505 sua,
380 1433 430 1488 aut
448 1429 544 1509 justas
569 1429 712 1506 actiones,
737 1445 811 1508 quas
836 1429 982 1507 lecerunt,
1006 1431 1060 1491 sed
1076 1449 1131 1510 per
1146 1432 1328 1496 volunlatem
1344 1438 1419 1519 eJus.

235 1578 237 1583 .
289 1530 329 1593 Et
352 1549 409 1594 nos
432 1532 539 1614 igitur,
568 1550 608 1594 ex
631 1531 781 1594 voluntate
804 1534 871 1615 ejus
894 1533 922 1594 in
946 1533 1064 1596 Christo
1087 1534 1161 1598 lesu
1185 1540 1298 1617 vocati,
1328 1536 1418 1604 ‘non

287 1654 347 1716 par
377 1653 434 1698 nos
465 1638 547 1716 ipsos
570 1636 786 1717 justificamur,
818 1655 917 1716 neque
940 1654 994 1716 per
1015 1639 1189 1718 sapientiam
1213 1638 1345 1705 nostram
1369 1651 1420 1707 aut

288 1738 518 1821 intelligentiam
542 1748 591 1803 aut
614 1741 753 1822 pietatem
777 1746 826 1802 aut
849 1759 961 1822 opera,
985 1743 1114 1819 quaein
1138 1743 1238 1806 cordis
1262 1748 1418 1811 sanctitate

287 1845 409 1924 operati
432 1861 543 1923 sumus,
567 1843 621 1906 sed
644 1844 824 1924 perfidem,
847 1863 903 1924 per
926 1863 1014 1923 quam
1037 1847 1223 1926 omnipotens
1247 1850 1329 1913 Deus
1354 1848 1417 1915 ⁵ab

287 1947 376 2009 initio
390 1980 393 1985 ·
409 1965 512 2010 omues
542 1947 714 2028 justificavit
721 1968 731 2023 ;
766 1949 813 2007 cui
846 1949 883 2008 sit
915 1947 1012 2028 gloria
1044 1949 1073 2009 13
1104 1950 1204 2013 secula
1237 1956 1419 2019 seculorum.

289 2050 402 2114 Amen.

288 2343 426 2410 ΧΧΧ111.
471 2343 517 2405 Ν3
548 2342 798 2422 derelinquamus
827 2343 1019 2406 33331333
1048 2363 1144 2425 opera
1171 2352 1202 2406 et
1228 2347 1419 2412 charitatem.

452 2449 585 2528 Operum
609 2448 761 2510 bonorum
782 2447 958 2526 1133313333
980 2446 1072 2511 nobis
1095 2450 1276 2528 exemplum.

385 2568 487 2645 ⁶0uid
511 2572 601 2653 igitur
623 2570 776 2646 iaciemus,
799 2567 932 2630 iratres?
978 2569 1166 2632 cessabimus
1190 2587 1207 2630 a
1231 2570 1318 2632 bonis
1341 2587 1421 2650 ope·

289 2678 389 2753 ribus,
413 2682 443 2736 et
466 2675 637 2737 charitatem
661 2672 927 2753 derelinquemus?
967 2667 1164 2753 7Ν331133333
1188 2673 1246 2735 hoo
1269 2672 1347 2754 apud
1364 2691 1421 2736 nos

290 2777 561 2862 8113313333311131
583 2780 737 2855 Dominus,
764 2776 818 2840 sed
843 2795 909 2839 cum
932 2776 1084 2860 diligentia
1108 2778 1247 2840 31331331
1270 2775 1421 2838 alacritate

292 2904 387 2950 omne
410 2903 486 2966 opus
508 2886 620 2947 bonum
643 2900 791 2973 peragere
814 2882 1000 2946 festinemus.
1047 2878 1139 2963 ⁹lpse
1163 2882 1241 2944 enim
1265 2880 1369 2961 opifex
1392 2886 1423 2942 et

291 2991 441 3054 Dominus
465 2990 593 3052 omnium
616 2990 644 3051 in
666 2988 808 3069 operibus
822 2988 885 3049 suis
901 2988 1022 3050 exultat.
1060 2986 1171 3048 Coelos
1188 2985 1266 3045 enim
1283 3003 1423 3065 suprema

293 3113 353 3159 sua
376 3099 405 3154 et
427 3096 553 3156 maxima
576 3095 709 3174 potentia
731 3092 880 3168 stabilivit,
902 3092 1031 3173 illosque
1054 3088 1345 3171 incomprebensibili
1368 3106 1422 3152 333

294 3199 446 3280 sapientia
468 3199 584 3261 ornavit
591 3218 601 3274 ς
625 3205 733 3261 terram
756 3198 843 3259 etiarn
867 3196 903 3257 ab
927 3213 1013 3276 aqua,
1036 3213 1113 3276 qliae
1136 3195 1215 3256 illam
1237 3195 1344 3272 ambit,
1367 3212 1422 3258 se-

294 3304 430 3391 paravit,
463 3311 494 3365 et
526 3321 618 3382 super
652 3302 800 3363 immobile
835 3301 976 3381 propriae
1008 3299 1168 3361 voluntatis
1202 3298 1423 3361 tundamentum

295 3407 424 3470 firmavit
431 3429 441 3484 ;
475 3406 678 3482 3133133113,
710 3406 838 3486 quaein
862 3404 909 3466 illa
933 3410 1110 3481 versantur,
1139 3404 1227 3483 jussu
1249 3420 1306 3465 suo
1330 3419 1424 3482 prae-

297 3513 381 3591 cepit
403 3530 491 3587 esse;
522 3529 603 3572 mare
627 3511 731 3588 etiam,
761 3517 791 3571 et
815 3528 893 3589 quac
915 3510 946 3570 in
969 3507 1019 3571 illo
1043 3508 1146 3571 vivunt
1174 3507 1326 3582 animalia,
1358 3522 1425 3567 oum

298 3615 384 3696 prius
406 3621 551 3693 creasset,
574 3614 704 3696 potentia
727 3630 780 3676 333
803 3613 930 3675 inclusit.
968 3611 1016 3675 Ad
1039 3611 1114 3675 baec
1136 3610 1243 3674 animal
1267 3609 1425 3672 excellen-

302 3835 443 3901 collectio,
467 3836 494 3889 Τ.
514 3836 566 3888 vlt.
589 3854 613 3904 p.
633 3836 689 3900 st).
725 3836 850 3904 Equidem
913 3836 941 3897 7)
962 3836 1101 3897 Μηθαμῶς,
1120 3836 1156 3885 113
1169 3835 1223 3899 1113,
1242 3850 1292 3886 nou
1305 3829 1427 3894 μηδαμῶς,

301 3928 364 3978 33113
382 3925 466 3976 mirari
485 3939 534 3975 uon
554 3938 665 3990 possum,
685 3923 743 3990 quid
758 3938 851 3973 causae
878 3921 915 3970 uti
934 3921 960 3970 13
979 3920 1050 3971 libris
1069 3922 1208 3986 impressis.
1236 3925 1293 3971 Jnc.
1351 3925 1362 3938 ·

303 4011 851 4079 [33311333333131113333113313333131333
914 4005 943 4071 8)
962 4007 998 4058 lta
1017 4011 1074 4058 Jur.
1095 4014 1121 4058 et
1140 4011 1198 4059 Jno.
1234 4003 1336 4057 Caeteri
1356 4014 1428 4066 γεγε·

302 4114 356 4150 333
378 4098 541 4163 exscripserit
559 4096 633 4148 rrobis
650 4097 749 4159 locum,
773 4108 852 4161 prae·
880 4095 988 4156 νηθῆναι.

304 4187 392 4241 sertim
415 4199 491 4251 quum
514 4182 624 4235 lectione
649 4190 753 4233 atextu
772 4178 853 4232 (1313-
916 4179 944 4243 9)
977 4177 1092 4230 Citautur
1126 4177 1190 4228 baec
1226 4173 1293 4241 apud
1330 4172 1428 4224 Jam-

303 4272 362 4322 lcrii
381 4285 481 4323 necnon
500 4285 515 4321 a
533 4269 685 4321 Damasceni
697 4265 787 4319 Parall.
805 4281 853 4317 va·
881 4269 1023 4328 11333333,
1049 4263 1143 4315 Sacrae
1167 4258 1268 4313 Paruit·
1284 4256 1338 4306 Lib.
1361 4251 1381 4302 1.
1405 4262 1429 4297 1.

304 4359 372 4409 31333
391 4356 473 4408 lassus
492 4357 531 4407 sit.
562 4359 705 4406 13333333.
829 4410 834 4415 ,
882 4353 907 4417 S.
921 4349 985 4402 Vlll.
997 4347 1068 4401 lom.
1081 4348 1111 4399 11.
1126 4363 1150 4414 p.
1162 4344 1223 4397 Ι310.
1238 4342 1279 4395 ed.
1291 4334 1430 4413 ugonem

361 4457 557 4510 smannens.
572 4456 606 4496 33.
1201 4431 1220 4493 'l
1367 4490 1370 4495 ,
1395 4470 1538 4662 r
