3659 5209
647 519 881 598 nocturnus
900 521 946 576 nn
965 520 1040 578 con.
1059 523 1111 580 vn.
1129 526 1194 581 vm
1320 562 1324 569 -
1420 533 1482 599 143

540 772 598 837 vlt.
644 772 835 835 Certundrrm
858 782 906 836 est
927 776 1029 854 nobis,
1053 757 1088 838 ut
1108 794 1301 839 coronemur.

443 892 605 973 Quocirca,
625 895 738 958 iratres
755 897 821 974 mei,
838 903 997 975 certemus,
1014 899 1155 973 scientes,
1176 901 1244 980 quia
1260 917 1333 981 prae
1348 902 1481 966 manibus

354 1004 401 1061 est
428 994 622 1078 ¹certamen,
653 1006 683 1061 et
714 1000 782 1080 quia
814 1000 851 1062 ad
875 1003 1076 1084 corruptibilia
1108 1005 1268 1064 certamina
1293 1003 1374 1066 multi
1396 1003 1480 1069 ²ad·

353 1104 486 1188 pellunt,
519 1103 573 1166 sed
605 1122 666 1168 non
700 1103 804 1168 om'nes
829 1115 1029 1185 coronantur,
1063 1107 1119 1169 nisi
1141 1108 1192 1188 qui
1213 1107 1371 1190 plurimum
1392 1110 1480 1174 labo·

353 1209 490 1272 raverint
514 1214 543 1271 et
565 1209 720 1290 praeclare
743 1212 893 1272 certarint.
939 1211 1003 1275 Nos
1026 1214 1115 1295 igitur
1138 1219 1297 1291 certemus,
1325 1222 1356 1276 nt
1378 1232 1482 1278 ornnes

354 1330 548 1377 coronemur.
593 1314 676 1396 Ergo
708 1309 890 1379 ³curramus
925 1318 998 1380 viam
1032 1323 1162 1395 rectam,
1195 1325 1345 1381 certarnen
1377 1319 1482 1381 incor-

353 1420 511 1505 ruptibile,
546 1427 575 1483 et
598 1418 680 1483 multi
702 1419 738 1483 ad
761 1420 857 1501 ipsum
880 1422 1066 1504 navigemus,
1090 1430 1179 1504 atque
1197 1429 1370 1500 certemus,
1397 1430 1427 1486 ut
1452 1430 1482 1486 et

353 1544 545 1595 coruncanum
591 1524 654 1589 Etsi
676 1544 736 1589 non
760 1543 920 1607 possumus
944 1545 1047 1591 omnes
1071 1528 1227 1606 coronari,
1259 1528 1364 1591 saitem
1386 1545 1481 1610 prope

353 1649 498 1696 coronam
522 1630 624 1695 simus.
670 1614 754 1694 Scire
777 1648 833 1693 vos
857 1638 993 1717 oportet,
1024 1632 1123 1715 quod,
1155 1633 1204 1714 qui
1232 1638 1480 1694 certamencor-

353 1736 495 1820 ruptibite
517 1740 622 1814 certat,
645 1735 671 1798 si
694 1736 862 1798 inveniatur
885 1753 1079 1818 corrumpens
1100 1744 1129 1798 et
1149 1754 1289 1817 peccans,
1313 1735 1480 1818 flagellatus

301 1906 302 1913 ,
354 1839 535 1918 ⁴aufertur,
567 1846 598 1901 et
628 1844 712 1902 extra
744 1840 869 1903 stadium
899 1843 1064 1924 projicitur.
1111 1841 1187 1915 Ouid
1219 1842 1307 1904 vobis
1337 1841 1480 1905 videtur?

353 1946 411 2021 Oui
434 1944 666 2026 incorruptionis
691 1952 841 2007 certarnen
864 1947 1051 2027 corruperit,
1083 1943 1153 2027 quid
1177 1946 1330 2026 patietur?
1376 1947 1420 2009 De
1442 1947 1479 2010 iis

304 2134 306 2139 .
354 2051 449 2128 enim,
472 2049 522 2130 qui
547 2044 701 2130 ⁵sigitlum
725 2067 786 2112 non
809 2051 1015 2128 servaverint,
1039 2051 1093 2112 ait:
1122 2044 1263 2112 ⁶oermis
1285 2068 1393 2113 eorum
1416 2070 1478 2114 non

351 2157 515 2232 morietur,
538 2163 568 2218 ct
582 2154 665 2236 ignia
680 2175 788 2219 coram
803 2172 867 2218 non
883 2157 1101 2237 extinguerem
1124 2162 1154 2216 et
1171 2161 1263 2216 erunt
1277 2153 1311 2215 in
1325 2155 1479 2219 ursionem

353 2280 441 2326 omna
464 2279 560 2325 corna.

301 2488 303 2499 ν
350 2454 424 2522 Vill.
472 2452 628 2531 Quamdiu
652 2454 685 2514 in
707 2453 767 2516 tec
796 2454 910 2515 mundo
941 2472 1064 2531 sumus,
1092 2451 1319 2532 poenitentiam
1350 2467 1480 2530 apernere

665 2565 694 2619 et
716 2575 840 2619 curnem
863 2567 980 2621 costum
1005 2577 1172 2622 servemus.

443 2675 617 2755 'Quamdiu
640 2699 715 2764 ergo
742 2682 771 2742 in
793 2681 881 2744 terris
906 2681 1059 2766 degimus,
1094 2674 1305 2762 poenitentiam
1336 2692 1477 2758 agamus;

348 2790 446 2852 lutum
478 2785 587 2867 quippe
619 2804 721 2848 sumus
750 2786 781 2848 in
813 2805 899 2849 manu
931 2787 1060 2850 artificis.
1114 2783 1365 2861 Quemadmodum
1399 2781 1478 2844 enim

347 2894 479 2976 figulus,
516 2891 541 2953 si
576 2909 628 2953 vas
661 2891 784 2969 iecerit,
822 2892 955 2973 ittudque
991 2893 1020 2954 in
1055 2891 1188 2954 manibus
1223 2891 1289 2973 ejus
1325 2886 1479 2948 distortum

349 2999 444 3061 tuerit
474 3002 524 3058 aut
552 2995 726 3072 contritum,
759 3013 863 3057 rursus
895 2995 967 3057 iilud
999 2995 1136 3077 refingit3
1167 2995 1212 3057 sin
1243 3011 1317 3055 vero
1348 2989 1418 3054 iliud
1449 2990 1478 3053 in

348 3084 505 3168 fornacem
530 3100 607 3183 ignis
630 3100 747 3162 mittere
771 3101 988 3181 praeuniverit,
1020 3118 1079 3161 non
1103 3099 1226 3180 amptius
1255 3098 1282 3158 ei
1305 3101 1477 3172 succurret3

347 3209 391 3272 ita
416 3213 446 3271 et
468 3223 534 3284 nos,
556 3205 696 3286 quamdiu
718 3205 747 3267 in
771 3205 830 3267 hoc
854 3205 963 3268 mundo
986 3223 1097 3282 sumus,
1121 3210 1322 3285 peccatorum,
1348 3199 1477 3283 quaein

349 3330 445 3390 carne
477 3311 646 3394 gessimus,
681 3328 721 3371 ex
754 3315 817 3387 toto
852 3309 946 3372 corde
978 3309 1189 3391 poenitentiam
1223 3324 1362 3389 agamus,
1396 3310 1428 3366 ut
1460 3322 1478 3366 a

349 3416 480 3504 Domino
504 3415 663 3492 salvemur,
687 3413 755 3476 dum
772 3414 972 3494 poenitentiae
988 3421 1104 3495 tempus
1124 3411 1273 3474 habemus.
1318 3410 1477 3490 Postquam

349 3523 432 3586 enim
460 3539 477 3584 e
507 3520 616 3583 mundo
646 3520 808 3597 exivimus,
838 3537 899 3580 non
928 3518 1052 3603 amptius
1083 3533 1243 3598 possumus
1269 3515 1309 3576 ibi
1332 3511 1478 3589 confiteri,

348 3631 401 3690 aut
437 3624 648 3707 poenitentiam
686 3641 787 3705 agere.
844 3624 963 3702 Quare,
1002 3623 1130 3701 iratres,
1168 3621 1349 3685 voluntatem
1384 3617 1477 3680 Patris

348 3729 516 3805 facientes,
552 3735 735 3799 ettcarnem
769 3734 879 3790 castam
914 3733 1089 3806 servantes,
1125 3732 1155 3788 et
1190 3724 1325 3786 mandata
1360 3719 1478 3783 Domini

348 3832 556 3903 custodientes
579 3849 799 3914 consequemur
821 3833 909 3894 vitam
933 3837 1094 3894 aeternam.
1136 3829 1213 3892 Dicit
1236 3828 1315 3892 enim
1329 3824 1476 3915 Dominus

348 4022 424 4093 qnasi
443 4037 457 4072 a
476 4023 539 4080 θέω,
564 4019 632 4089 quod
656 4027 682 4073 et
699 4018 793 4073 Noiteo
817 4019 902 4086 piacet
929 4029 982 4085 tur,
1002 4020 1141 4087 respiciens
1153 4017 1185 4068 ad
1199 4013 1330 4084 epistolam
1343 4010 1369 4064 S.
1385 4006 1476 4078 Ignatii

347 4109 497 4176 respicienti
525 4106 557 4159 ad
583 4105 716 4175 epistolam
736 4104 850 4157 &Pauli
869 4105 901 4157 ad
928 4105 960 4157 ad
978 4105 1145 4173 Polycarpum
1165 4120 1187 4154 c.
1206 4102 1230 4154 3.

346 4193 588 4257 Hebraeos12,1.
624 4191 732 4244 Birriua:
758 4209 899 4260 ponamus,
962 4178 1363 4258 Ι5)1.(ε.ύιιριίοηιιοιι.Ιῖιω..

347 4285 365 4337 i.
385 4299 410 4335 e.
430 4295 603 4351 proponamus
621 4280 711 4342 nebia,
729 4294 744 4330 n
762 4281 856 4340 trappe
962 4279 991 4342 6)
1010 4276 1067 4326 lsai.
1086 4275 1130 4340 66,
1149 4275 1191 4326 24.

384 4348 418 4439 4)
436 4354 519 4423 'notra
538 4364 644 4434 conjicit
660 4362 753 4432 δι’ρεται
770 4366 898 4421 aertern-
962 4363 993 4434 ⁷)
1011 4359 1150 4416 tuttotn.
1186 4348 1428 4432 materiante

1470 4554 1588 4660 1,
