3659 5209
339 540 406 605 470
629 532 733 587 INDEX
752 530 866 585 hunolt
885 531 927 584 ΕΤ
946 529 1177 586 Pensoutuutt.

376 695 511 764 diligentes
542 703 649 747 cunctos
675 692 833 763 aequaliter,
863 694 887 744 in
950 693 1056 745 ferenda
1081 699 1120 744 est
1142 688 1267 742 secundis
1289 685 1388 753 nuptiis
1412 682 1463 735 352

376 784 443 833 omni
455 783 609 834 continentia
622 781 682 833 260.
700 779 770 833 Uxor
779 780 888 833 Hermae
952 781 1133 845 Diaconissae,
1149 777 1214 829 licet
1235 774 1370 843 virgines,
1391 784 1463 823 roos·

376 869 458 921 iutura
483 877 523 920 est
546 884 618 920 soror
644 869 699 934 ejus
720 868 788 932 327;
816 882 889 920 66666
951 868 1043 920 566166
1060 867 1154 919 viduae
1172 863 1236 917 232.

377 954 560 1009 1666166328.
592 954 661 1007 Uxor
679 954 804 1019 adultera,
822 970 889 1022 quae
916 954 1218 1016 Vinculasanctorum,
1229 948 1375 1001 diademata
1385 962 1462 999 eornm

376 1057 425 1093 nou
446 1043 530 1108 egerit
552 1042 749 1108 poenitentiam,
776 1049 803 1092 61
826 1057 888 1109 per·
950 1039 1010 1093 256.

376 1136 461 1181 manet
482 1129 510 1179 iu
534 1142 580 1180 suo
606 1127 714 1193 delicto,
742 1126 889 1178 dimittenda
919 1127 1076 1198 Virgines
1094 1134 1197 1195 oportet
1221 1127 1248 1177 in
1266 1122 1461 1176 immaculutret

377 1223 416 1267 est
443 1213 503 1269 349.
540 1214 565 1266 Si
591 1215 773 1282 poenitentiam
799 1215 890 1282 egerit,
953 1224 1022 1268 casta
1049 1215 1207 1266 conscientia
1234 1213 1328 1265 rivere
1355 1208 1460 1271 262;16

377 1303 457 1369 recipi
479 1301 572 1368 debet,
596 1301 643 1352 sed
665 1316 715 1352 non
734 1315 812 1368 saepe
830 1298 889 1350 350.
952 1301 1092 1354 bumilitate
1110 1308 1233 1352 maneant
1246 1297 1300 1350 104
1313 1315 1352 1366 sq.
1370 1294 1418 1348 236
1428 1311 1460 1363 sq.

377 1388 434 1440 Non
448 1388 518 1453 licet,
532 1387 640 1455 conjuge
654 1387 766 1439 adultera
780 1385 890 1448 dimissa,
952 1388 1069 1458 Virgines
1104 1386 1276 1438 Diacouissse
1316 1383 1460 1437 vocabantur

376 1475 451 1526 aliam
461 1475 624 1528 ducereihid.
636 1473 756 1525 Similiter
765 1473 891 1542 agendum
953 1476 1047 1528 viduae
1072 1473 1130 1528 232.
1167 1473 1292 1542 Virgines
1312 1494 1349 1520 =
1367 1472 1460 1523 61616161

378 1578 434 1613 cum
462 1561 573 1630 conjuge
600 1563 625 1612 in
651 1559 821 1612 idololatriam
845 1575 891 1610 re·
954 1563 1121 1627 christianae,
1151 1561 1219 1613 dona
1249 1559 1361 1627 Spiritus
1391 1554 1461 1609 666611

378 1650 449 1717 lapsa
468 1652 531 1703 idid.
559 1648 602 1699 His
621 1647 719 1715 legibus
734 1646 849 1698 similiter
867 1654 893 1696 ct
953 1649 1013 1701 337.
1033 1649 1085 1701 410
1101 1666 1139 1718 sq.
1158 1647 1219 1699 420.
1239 1646 1303 1700 423.

377 1738 425 1789 viri
443 1744 469 1788 et
485 1734 614 1786 foeminae
626 1735 816 1803 adstringuntur
831 1735 891 1786 idid.
919 1736 1069 1789 Virtutes
1097 1737 1245 1804 superiores
1280 1742 1308 1785 et
1338 1731 1460 1784 inferiores

954 1823 1016 1876 423.
1051 1819 1461 1890 cinnomannorum.

598 1895 639 1943 V·
921 1909 991 1960 Vita
1011 1917 1037 1961 et
1055 1924 1123 1961 mors
1142 1908 1296 1960 incumbunt
1319 1905 1394 1958 simul
1412 1904 1461 1955 176.

345 1995 485 2058 Valens,
506 1992 640 2062 presbyter
657 1993 782 2046 ecclesiae
795 1993 892 2061 Philip·
954 1995 1022 2047 Vera
1053 2004 1079 2047 et
1107 1997 1265 2063 sempiterna
1302 2001 1389 2045 nostra
1418 1992 1462 2043 rits

380 2083 495 2150 peusinm
515 2082 539 2132 iu
559 2081 621 2132 vitio
639 2079 759 2147 delapsus
777 2080 838 2132 269.
954 2080 1028 2133 lesus
1047 2079 1161 2133 Christus
1179 2089 1219 2133 est
1238 2081 1300 2135 172.

345 2168 500 2220 Valerius
518 2167 584 2232 Bito,
603 2166 683 2219 Roma
702 2168 735 2219 ad
751 2166 893 2219 Corinthios
921 2168 1014 2221 Vitio
1031 2169 1120 2220 relicto
1142 2170 1263 2220 virtutem
1289 2180 1463 2237 persequamur

382 2272 396 2308 a
415 2255 439 2307 S.
460 2254 591 2307 Clemente
610 2255 700 2306 missus
719 2252 778 2306 132.
955 2256 1007 2308 144
1018 2273 1056 2324 sq.
1081 2254 1174 2307 Vitium
1188 2263 1228 2306 est
1243 2268 1461 2321 praecursorsce·

346 2342 408 2394 Vas
427 2345 528 2410 spiritus
546 2343 562 2392 i.
577 2358 601 2410 q.
622 2354 714 2408 corpus
733 2340 774 2392 16.
791 2341 832 2392 30.
850 2341 892 2392 50.
956 2342 1189 2394 lerumnostrorum
1200 2340 1259 2392 146.
1273 2341 1343 2394 Vitia
1355 2341 1463 2392 :llae-

347 2429 486 2482 Vcrbum
505 2427 554 2480 061
573 2436 714 2491 aeternum,
732 2443 783 2480 nou
802 2444 818 2481 e
834 2427 893 2497 Sigc
955 2442 1044 2480 mones
1064 2435 1090 2480 61
1107 2428 1235 2493 mulieres,
1254 2429 1328 2497 nigra
1340 2436 1414 2481 veste
1428 2428 1463 2478 iu·

383 2516 551 2584 progrediens
581 2514 640 2566 178.
684 2514 754 2566 0666
783 2514 893 2566 Verbum
957 2514 1033 2566 dutae
1051 2514 1109 2567 347.
1128 2515 1188 2568 420.
1208 2513 1271 2566 417.
1290 2513 1354 2567 423.
1375 2514 1431 2566 428.

382 2610 496 2655 sanctum
515 2608 541 2653 et
559 2599 814 2670 incomprehensibile
829 2602 895 2653 inter
922 2601 1114 2654 Vocationis
1132 2609 1236 2653 nostrae
1254 2600 1326 2654 linea
1345 2602 1388 2656 62
1416 2600 1464 2652 Vo-

382 2689 496 2741 homines
523 2687 634 2753 locavit,
666 2695 692 2739 et
722 2688 745 2737 16
776 2687 895 2741 cordibus
956 2691 1024 2742 catio
1059 2689 1086 2740 in
1121 2687 1220 2740 Christo
1260 2689 1319 2740 116.
1372 2687 1466 2740 Vocatio

382 2790 471 2828 corum
489 2774 586 2826 brutum
601 2773 689 2826 sedem
706 2772 801 2827 habere
817 2775 896 2827 voluit
955 2784 1042 2830 nostra
1061 2775 1120 2827 134.
1141 2776 1198 2828 144.
1217 2775 1280 2828 352.
1308 2775 1406 2829 Omnes
1422 2787 1464 2827 ro·

376 2863 443 2914 308.
957 2861 1160 2915 66116661425.
1193 2859 1246 2916 016.
1258 2862 1465 2919 ermenero

347 2948 488 3001 Verbum
514 2948 575 3001 lesu
602 2949 645 3018 qui
671 2949 802 3016 possidet,
833 2965 895 3001 vere
956 2957 983 3002 et
1000 2952 1096 3004 Electi.

381 3042 467 3103 potest
492 3041 518 3086 et
542 3035 669 3087 silentium
694 3036 770 3104 ipsius
797 3037 895 3103 audire,
923 3034 1102 3102 Voluntas,
1121 3035 1238 3089 absolute
1256 3037 1344 3104 posita
1362 3049 1407 3104 pro
1423 3032 1465 3085 bo

304 3191 307 3197 Ι
385 3131 412 3172 61
428 3120 558 3189 perfectus
577 3123 610 3173 sit
629 3121 689 3176 164.
957 3121 1322 3177 661661616170.175.661.
1344 3124 1385 3178 10.

347 3207 404 3258 Via
423 3207 528 3275 duplex,
545 3207 607 3260 lucis
626 3217 652 3261 et
670 3209 831 3263 tenebrarum
852 3210 895 3262 44.
924 3207 1126 3277 Voluptates
1151 3209 1211 3263 372.
1237 3209 1299 3262 375.
1331 3209 1391 3263 est.
1414 3206 1464 3261 tot.

382 3294 445 3345 Vise
472 3293 535 3346 lucis
560 3297 707 3363 praesident
731 3297 815 3366 angeli
836 3296 896 3362 Dei,
958 3292 1009 3346 Cir.
1029 3299 1148 3352 06611166
1166 3304 1193 3347 61
1211 3299 1365 3367 stupiditas.

383 3383 442 3434 viae
478 3381 640 3434 tenebrarum
674 3383 757 3452 angeli
787 3383 895 3436 Satanae
923 3383 1058 3435 Vulnus.
1094 3382 1151 3435 lion
1169 3397 1247 3434 omne
1265 3382 1362 3437 vulnus
1384 3382 1464 3436 eoders

383 3471 444 3522 idid.
480 3466 579 3520 lustitia
603 3477 700 3522 rectam
723 3470 790 3522 rium
809 3468 896 3536 babet,
958 3469 1095 3537 emplastro
1122 3476 1225 3521 curatur
1256 3469 1319 3522 236.
1365 3468 1464 3522 tusco

383 3554 504 3620 injustitia
521 3569 625 3621 pravam
644 3562 693 3607 etc.
713 3557 773 3609 357.
932 3546 934 3550 ’
958 3555 1099 3624 Episcopus
1117 3564 1190 3607 curet
1207 3558 1272 3611 idid.

348 3641 479 3694 Viduas
514 3656 547 3691 ne
577 3639 738 3708 negligantur
767 3646 799 3697 65
830 3644 896 3713 Epi.

383 3744 461 3797 scopo
480 3725 540 3779 238.
569 3724 665 3778 Viduae
681 3730 897 3783 sintcircafidem
1174 3715 1219 3768 1·

384 3813 487 3883 Domini
499 3811 647 3880 prudentes,
666 3816 829 3885 interpellent
841 3819 896 3871 6166
923 3816 1120 3882 Xanthicus,
1150 3817 1248 3870 mensis
1278 3815 1465 3886 Smyrnaeorum

384 3900 568 3953 intermissione
591 3915 637 3967 pro
663 3901 794 3970 omnibus,
820 3904 896 3974 longe
959 3903 1019 3957 232.

383 3987 535 4041 recedentes
553 3985 585 4036 ab
604 3988 671 4039 omui
690 3987 832 4055 calumnia,
845 3991 895 4043 de·
923 3989 1153 4059 Xerophagias
1171 3990 1232 4044 384.
1251 4000 1308 4045 661.
1327 3991 1353 4044 3.

384 4073 546 4137 trectatione,
554 4071 618 4125 laiso
627 4075 782 4141 testimonio,
792 4079 896 4130 avaritia

385 4167 412 4212 et
429 4160 497 4210 omni
513 4160 597 4224 melo;
615 4170 810 4229 cognoscentes,
829 4165 896 4233 quod
1175 4153 1220 4203 Ι·

385 4245 464 4297 611666
487 4243 537 4298 061
561 4248 610 4300 6161
633 4246 692 4299 260.
728 4248 815 4302 Viduis
837 4251 898 4304 licet
924 4250 1074 4306 Zosimus
1100 4267 1115 4304 a
1138 4249 1165 4304 6.
1189 4249 1338 4322 Polycarpo
1365 4253 1471 4307 hudrnn

385 4333 477 4386 iterum
493 4333 607 4401 nubere,
626 4334 672 4387 sed
690 4335 800 4389 viduitas
818 4353 896 4406 prae·
959 4339 1019 4392 266.

226 4484 358 4650 Ν,

792 4453 1025 4468 m
