3659 5209
474 545 598 601 lGllhl'll
615 544 772 600 urlsuubh
790 543 835 598 Ab
855 512 1050 599 binomios
1067 544 1134 599 xlv.
1151 546 1221 600 η·
1339 550 1401 617 185
1446 615 1449 625 Ι
1541 494 1544 506 Ι

321 725 354 772 us
389 726 464 772 sum.
517 707 665 794 llemores
700 712 797 770 estote
831 705 889 768 mei
924 705 954 766 in
988 705 1171 770 orationibus
1205 706 1331 790 vestris,
1369 717 1402 774 ut

322 832 374 876 um
399 830 561 894 assequar,
591 818 622 874 et
644 811 807 888 ecclesiae,
839 809 968 890 quaein
991 809 1078 891 Syria
1101 816 1147 873 est
1171 845 1210 858 -
1240 815 1317 878 unde
1331 833 1401 878 mon

321 937 343 980 n
369 916 479 999 dignus
496 917 619 995 uocari,
643 915 765 999 indigeo
789 915 867 977 enim
888 915 971 976 unita
992 920 1093 976 vestra
1123 914 1154 977 in
1176 914 1253 978 Ileo
1266 918 1402 982 oratione

330 1022 476 1084 charitate
499 1054 539 1067 -
562 1025 594 1083 ut
623 1019 770 1098 ecelesia,
785 1012 874 1101 'quae
905 1018 1043 1100 insyria
1076 1026 1138 1099 est,
1168 1022 1318 1084 mereatur
1346 1036 1403 1104 per

321 1127 439 1190 alesiam
454 1131 589 1188 ‘vestram
613 1124 745 1188 irrorari.

409 1313 484 1376 xiv.
529 1313 678 1377 Solutunt
698 1329 760 1377 nos
780 1312 908 1394 Ephesii
931 1319 1105 1375 cremerae
1129 1312 1287 1377 ecclesiae.
1322 1343 1324 1346 ·

366 1436 500 1500 Salutant
521 1455 577 1501 vos
602 1434 746 1517 ¹Ephesii
769 1454 787 1498 e
810 1434 951 1517 Smyrna,
982 1426 1062 1496 unde
1085 1434 1159 1496 haec
1182 1435 1283 1497 scribo
1308 1435 1403 1514 vobis,

321 1539 327 1600 ἰ
353 1539 659 1620 praesenteszadsum
681 1540 711 1602 in
734 1539 791 1602 Ilei
813 1538 957 1622 gloriam,
986 1545 1072 1601 utet
1094 1557 1170 1617 vos,
1201 1539 1252 1619 qui
1275 1556 1323 1601 me
1346 1558 1405 1602 una

321 1662 345 1705 m
368 1643 550 1721 Polycarro‘
564 1644 705 1726 episcopo
730 1644 961 1725 Smyrnaeorum
990 1643 1020 1705 in
1055 1644 1191 1706 omnibus
1220 1650 1404 1705 recrearunt.

321 1734 450 1805 ,gnane
479 1728 651 1811 lubblesiae
684 1749 715 1810 in
749 1732 895 1813 honorem
929 1746 1003 1810 Jesu
1038 1747 1146 1810 Christi
1179 1765 1236 1811 vos
1269 1747 1404 1811 salutant.

321 1828 752 1934 lete,'··b²l²ea‘''elllti,-spirltum
774 1851 972 1934 possidentes·
989 1850 1002 1890 ²
1017 1852 1255 1936 inseparabilem,
1283 1852 1333 1934 qui
1357 1856 1410 1915 est

321 1971 369 2019 sus
394 1953 536 2018 Christus.

550 2291 653 2389 ¹'nu
695 2332 1097 2390 rannurnuos.3

369 2478 519 2566 lgnalius,
542 2476 622 2561 *qni
646 2485 676 2541 et
697 2478 906 2561 Theophnrus,
930 2477 1056 2540 dilectae
1078 2496 1095 2555 a
1117 2477 1195 2557 Deo,
1221 2483 1306 2560 patre
1328 2477 1403 2540 lesu

347 2634 350 2638 .
414 2584 538 2664 Christi,
574 2583 720 2648 ecclesiae
755 2589 894 2661 sanciae,
932 2600 1010 2663 quae
1032 2574 1097 2646 'est'
1122 2584 1269 2647 Trallibus
1301 2581 1403 2660 Asiae,

413 2689 527 2751 electae
561 2697 592 2752 et
623 2689 688 2751 Deo
723 2688 849 2771 dignae,
886 2705 990 2768 pacem
1026 2685 1145 2750 habenti
1182 2691 1212 2750 in
1246 2705 1336 2750 carne
1360 2693 1405 2748 'et

414 2796 560 2878 sanguine
585 2792 639 2856 ⁵et
661 2794 801 2876 passione
816 2792 889 2855 Jesu
906 2791 1022 2871 Christi,
1047 2793 1112 2874 spei
1128 2800 1259 2870 nostrae,
1283 2791 1403 2873 quando

412 2916 606 2982 resurgemus
637 2898 674 2962 ad
704 2917 788 2976 eum3
820 2917 907 2979 quam
937 2903 966 2960 at
995 2897 1090 2961 saluto
1121 2898 1152 2960 in
1182 2893 1404 2979 ‘plenitudine

416 3005 446 3067 in
471 2997 657 3088 ⁷apostolloo
681 3004 863 3082 charactere,
887 3003 995 3084 cuique
1016 3002 1254 3085 plurimam‘opto
1267 2995 1403 3067 salutem.

440 3297 460 3361 l.
505 3295 591 3360 Laus
612 3307 720 3362 necho
739 3317 800 3378 per
822 3296 983 3380 Polybium
1005 3297 1081 3361 mita·
1103 3298 1271 3368 innotuit„

371 3419 551 3484 Constanter
584 3419 764 3502 inculpatam
802 3406 832 3483 et
869 3415 1124 3513 ⁸insepn'rabllem
1162 3421 1190 3484 in
1231 3422 1406 3484 sustinentia

321 3592 447 3648 eaedentl
474 3590 597 3660 epistolae
623 3590 655 3642 ud
682 3590 829 3657 Trallianos,
893 3593 923 3661 t)
941 3591 982 3646 Uti
1000 3593 1040 3645 hic
1057 3594 1105 3645 sibi
1119 3593 1278 3663 (episcopo),
1296 3593 1329 3643 ita
1342 3590 1416 3643 inira·

321 3696 359 3733 un
375 3694 433 3730 cum
451 3679 500 3730 line
520 3677 829 3746 epistolaea'dllomanos
858 3695 881 3730 c.
899 3679 925 3730 2.
954 3679 1111 3748 presbyteria
1143 3695 1245 3750 quoque
1271 3677 1407 3730 Ecclesiae

321 3772 432 3820 ruerent.
676 3780 679 3784 ·
859 3764 999 3818 Trallianae
1012 3769 1187 3820 auctoritatem
1200 3766 1325 3836 quandam
1339 3779 1406 3832 apo·

321 3856 343 3920 l)
365 3852 418 3906 cfr.
437 3867 510 3919 supra
530 3868 557 3920 pr
575 3851 633 3903 150.
652 3859 705 3904 not.
724 3851 748 3904 4.
858 3853 972 3905 stollcnm
991 3850 1077 3905 tribuit
1092 3854 1211 3922 lgnatiue.
1230 3855 1288 3904 Jnc.
1308 3855 1407 3914 Ituran,

321 3942 346 4006 i)
366 3938 456 3992 lusere
468 3940 515 3986 καί.
532 3943 611 3988 Vbss.
637 3935 746 3990 Sensus:
766 3955 831 4007 quae
859 3939 917 3994 nnr.
949 3957 973 4007 p.
993 3940 1053 3991 499.
1098 3939 1164 4005 Alii,
1194 3955 1218 3990 e.
1238 3954 1263 4007 g.
1290 3935 1407 3986 Smithiua

321 4030 409 4080 erbam
434 4033 532 4076 etcum
552 4023 608 4076 lleo
626 4040 715 4093 pacem
734 4023 832 4077 obtinet
859 4030 1032 4092 apostolieum
1072 4028 1247 4080 salutationis
1293 4012 1409 4092 [onnam

321 4106 397 4166 re'ntu
415 4119 442 4163 et
458 4113 577 4179 passione
596 4109 696 4163 Christi.
859 4113 1050 4182 intelligendam
1070 4128 1127 4164 esse
1145 4119 1240 4179 putant.
1307 4168 1309 4173 ,
1376 4104 1379 4109 '

321 4201 345 4266 l)
364 4198 385 4275 l.
406 4214 429 4250 ο.
451 4197 522 4264 cujus
542 4199 668 4250 eeclesiae
687 4200 769 4252 omnia
787 4210 832 4253 e‘a·
894 4200 924 4267 8)
946 4195 1106 4268 Ἁδιᾰκριτον.
1161 4190 1215 4249 cb(
1250 4212 1326 4264 supra
1364 4211 1406 4263 ep.

321 4304 332 4341 a
352 4278 475 4337 membra.
501 4280 591 4337 Sr'rrrrr.
611 4289 651 4340 in
674 4270 834 4356 plenitudine
860 4285 941 4354 lgn'at.
962 4288 994 4343 ad
1012 4286 1108 4359 Ephee.
1129 4283 1181 4339 o.3
1200 4291 1227 4337 at
1244 4283 1275 4335 ad
1295 4282 1407 4351 llagnes.

321 4372 424 4431 *diutia
442 4375 609 4443 «marchena.
637 4376 749 4427 Rursus.
859 4388 882 4433 c.
905 4373 945 4425 15.
1169 4358 1177 4373 ‘
1223 4361 1226 4371 '
1324 4360 1326 4367 ’

1428 4496 1532 4664 l
