3659 5209
627 507 800 584 ‘urrsroua
819 529 863 582 uo
885 528 1087 584 uroousruu.
1106 530 1137 584 u.
1156 532 1197 586 nu
1420 537 1480 602 301

330 689 527 772 includitis,
551 710 586 755 ac
609 690 739 754 interdiu
763 691 903 756 custodes
927 692 1091 774 apponitis,
1123 712 1161 756 ne
1188 693 1266 756 iurto
1290 692 1487 759 auferantur?

329 794 387 861 Its
425 814 501 861 vero
531 796 588 858 iilis
619 796 798 878 bonoribus,
830 800 937 879 quibus
967 818 1023 861 vos
1054 801 1196 881 prosequi
1224 817 1279 864 eos
1303 801 1487 882 existimatis,

331 905 457 989 potius
480 904 625 985 supplicio
649 922 704 968 eos
728 905 860 985 efficitis,
892 906 1038 987 siquidem
1061 923 1153 967 sensu
1176 912 1244 968 sunt
1266 904 1409 986 praediti;
1441 906 1487 969 siu

335 1015 501 1091 expertes
525 1016 594 1072 sunt
616 1027 742 1090 sensus,
775 1011 863 1093 bojus
887 1012 931 1072 rei
962 1009 1036 1074 ¹eos
1064 1011 1255 1090 convincitis,
1289 1011 1435 1092 sanguine
1459 1017 1489 1073 et

336 1116 514 1180 nidoribus
538 1134 592 1180 eos
616 1116 760 1179 colentes.
805 1115 915 1180 ²iiaec
938 1123 1069 1179 vestrum
1093 1116 1199 1196 aliquis
1222 1114 1362 1178 suiiertot
1406 1115 1488 1178 iiaec

336 1222 467 1305 petitor
504 1221 611 1302 aiiquis
644 1223 699 1284 sibi
733 1219 816 1283 fierit
865 1223 925 1288 Sed
961 1225 1058 1286 nullus
1093 1222 1210 1303 quidem
1245 1222 1395 1285 bominum
1429 1223 1488 1285 boc

338 1327 550 1408 supplicium,
585 1327 640 1388 nisi
672 1327 795 1404 invitus,
827 1329 970 1408 patietur,
1004 1345 1096 1389 sensu
1127 1329 1204 1390 enim
1235 1332 1265 1390 ct
1296 1328 1411 1389 ratione
1441 1335 1488 1389 est

329 1430 532 1515 :praeditus3
557 1436 586 1491 at
601 1431 674 1513 iapis
691 1431 719 1492 id
736 1433 852 1512 patitur,
877 1450 969 1495 sensu
988 1434 1066 1495 enim
1083 1439 1174 1495 caret.
1221 1430 1372 1509 ³Revcra,
1395 1449 1488 1493 sensu

343 1532 459 1598 ⁴eum
483 1535 647 1617 praeditum
671 1555 750 1616 esse,
775 1555 830 1600 vos
853 1555 913 1600 non
938 1536 1154 1601 demonstratis.
1199 1535 1244 1599 Ac
1268 1535 1304 1598 de
1328 1553 1383 1614 eo,
1408 1534 1487 1617 quod

345 1638 517 1705 Christiani
542 1641 597 1703 diis
621 1641 790 1723 hujusmodi
814 1643 842 1704 in
867 1646 1041 1707 servitutem
1064 1643 1172 1707 addicti
1202 1660 1262 1706 non
1293 1642 1368 1720 sint,
1400 1641 1487 1704 muita

346 1747 479 1829 quidem
504 1754 535 1809 et
557 1748 613 1809 alia
636 1747 776 1810 haberem
801 1748 903 1811 dicere
911 1771 921 1826 ;
943 1751 967 1811 si
990 1751 1036 1812 cui
1056 1754 1151 1810 tamen
1172 1749 1245 1810 baec
1267 1748 1330 1829 ipsa
1348 1746 1487 1809 sufficere

347 1870 419 1916 non
445 1851 610 1932 videantur,
635 1870 890 1933 supervacaneum
914 1856 1042 1918 arbitror
1065 1862 1094 1917 et
1116 1854 1200 1935 piura
1225 1853 1336 1916 dicere.

330 2044 402 2109 ut.
426 2045 542 2108 iudaea·
557 2047 767 2127 superstitiosi
783 2054 864 2124 suni,
880 2045 980 2107 Deum
997 2048 1107 2126 atiquo
1122 2067 1156 2109 re
1173 2046 1314 2125 indigere
1326 2054 1485 2125 patentes.

448 2167 598 2249 Deinceps
630 2175 726 2231 autem
757 2168 794 2230 de
828 2187 882 2247 eo,
917 2168 999 2248 quod
1029 2187 1089 2231 non
1121 2175 1167 2231 est
1195 2169 1250 2230 iiiis
1280 2168 1358 2229 idem
1391 2169 1486 2231 cuitus

329 2272 498 2351 ¹divinus,
529 2274 585 2354 qui.
600 2272 739 2351 iudaeis,
771 2279 801 2336 te
825 2273 952 2334 maxime
975 2273 1113 2354 cupidum
1137 2291 1205 2335 esse
1236 2272 1376 2335 audiendi
1404 2281 1485 2354 puto.

329 2378 467 2443 ..iudaei
490 2379 596 2460 igitur,
629 2375 682 2441 ⁶si
705 2378 824 2457 quidem
847 2378 997 2441 abstinent
1019 2380 1097 2442 cuitu
1129 2398 1218 2462 supra
1245 2384 1427 2456 memorato,
1457 2386 1487 2440 et

354 2478 482 2547 'Deum
505 2502 594 2546 unum
618 2485 768 2564 venerari,
792 2483 1002 2565 dominumque
1026 2486 1155 2547 omnium
1179 2485 1349 2547 existimare
1373 2483 1486 2562 volunt,

329 2586 467 2674 ¹(recte
484 2587 650 2672 sentiunt);
673 2591 698 2653 si
723 2589 828 2653 eodem
853 2596 950 2651 tamen
974 2589 1073 2668 modo,
1096 2609 1155 2671 quo
1178 2608 1268 2671 supra
1290 2589 1367 2668 dicti,
1392 2589 1487 2650 Deum

329 2694 479 2773 -colant,
510 2696 539 2756 in
573 2713 678 2758 errore
709 2705 866 2759 versantur
882 2690 904 2756 ⁸.
949 2695 1022 2757 Nam
1053 2713 1129 2774 quae
1153 2694 1259 2757 Graeci
1290 2712 1398 2757 sensus
1428 2712 1487 2755 ex-

351 2800 496 2885 pertibus
519 2804 549 2861 et
571 2800 668 2862 surdis
693 2800 865 2875 offerentes,
889 2799 1055 2862 dementiae
1076 2800 1143 2861 dant
1166 2807 1388 2882 argumentum3
1414 2798 1487 2861 baec

351 2906 403 2971 iiii
426 2905 508 2982 Deo,
540 2910 677 2986 tanquam
711 2906 747 2967 iis
778 2905 940 2988 indigenti,
976 2907 1122 2986 praebere
1151 2910 1303 2986 potantes,
1336 2904 1485 2967 stultitiam

350 3009 462 3093 potius
496 3027 582 3088 quam
615 3008 723 3072 cultum
756 3010 885 3073 divinum
918 3011 946 3073 id
983 3011 1061 3075 iorte
1096 3010 1273 3073 existiment.
1319 3010 1375 3083 Qui
1410 3010 1488 3071 enim

351 3106 479 3179 cneium
512 3120 542 3176 et
572 3122 698 3194 terram,
729 3123 816 3198 atque
846 3119 961 3197 omnia,
995 3137 1071 3198 quae
1102 3119 1131 3178 in
1161 3117 1196 3178 iis
1226 3120 1310 3192 sunt,
1346 3113 1487 3192 condidit,

351 3220 510 3299 uobisque
533 3221 668 3283 omnibus
693 3239 728 3283 ea
751 3223 935 3304 suppeditat,
960 3224 1066 3304 quibus
1089 3220 1272 3302 indigemus,
1299 3225 1381 3282 certe
1404 3218 1486 3281 nullo

352 3340 467 3389 eorum
497 3322 624 3406 indiget,
657 3345 733 3407 quae
756 3329 820 3409 ipse
843 3329 879 3391 iis
902 3328 1042 3412 largitur,
1075 3329 1126 3408 qui
1156 3327 1183 3388 ei
1211 3326 1286 3388 baec
1315 3323 1387 3386 dare
1418 3324 1488 3385 exi-

353 3523 386 3571 et
404 3509 532 3575 οἷπὸδοσις,
553 3529 576 3565 ο.
590 3530 615 3582 g.
629 3514 702 3570 καλῶς
719 3514 782 3580 ἔχει,
802 3515 910 3585 eiegau-
938 3534 983 3585 pro
1002 3521 1097 3585 φρονεῖν
1114 3515 1251 3586 tegendum
1271 3515 1362 3567 suadet
1379 3519 1488 3581 φρονοῖεν

352 3612 400 3657 ter
417 3604 546 3655 reticetur.
578 3604 661 3671 Vigor.
681 3617 706 3668 p.
726 3601 784 3652 509.
806 3601 865 3656 Not.
884 3607 909 3669 †‚
938 3600 974 3652 ἄν.

352 3690 422 3744 Post
448 3693 543 3754 φρονεῖν
570 3688 660 3755 igitur,
687 3694 714 3737 ut
736 3698 824 3742 monet
842 3695 909 3756 Otto,
972 3691 1001 3758 8)
1021 3689 1083 3742 inde
1103 3704 1200 3753 exeo,
1222 3689 1290 3757 quod
1311 3696 1401 3739 auctor
1420 3696 1487 3739 tem-

352 3774 529 3844 supplendum
554 3782 593 3826 cii
616 3769 693 3840 ὀρθῶς
719 3779 841 3841 φρονοῦσι,
868 3779 909 3829 vei
937 3794 1001 3846 pore
1025 3777 1154 3844 praesenti
1173 3777 1266 3839 utitur,
1291 3775 1402 3826 nonnuiii
1422 3790 1487 3827 con-

353 3863 444 3921 simiie
463 3862 598 3930 quidpiam.
934 3866 1040 3930 jecere,
1086 3865 1168 3930 ipsum
1203 3862 1297 3929 templo
1332 3860 1487 3913 Judeeorum

394 3950 425 4018 7)
445 3949 489 4000 bis.
515 3948 552 4005 εἰς.
582 3947 658 4000 Noitc
684 3949 798 4015 conjicit:
826 3952 865 4000 καὶ
890 3951 912 4000 εἶ
939 3951 1019 4002 adhuc
1043 3949 1178 4017 superstite
1203 3949 1343 4014 scripsisse.
1380 3946 1429 3998 Sed
1454 3947 1487 3998 ad

354 4035 426 4090 Θεὸν
444 4033 487 4084 ἔνο
504 4039 553 4085 τῶν
572 4033 673 4085 πάντων
691 4034 812 4100 δεσπότην
833 4040 911 4100 σέβειν
938 4041 1018 4108 legem
1052 4037 1187 4087 mosaicam
1218 4037 1374 4103 respiciens,
1411 4036 1487 4085 etiam

351 4120 461 4187 α’ξιοῦοι,
489 4122 510 4172 εἰ
535 4120 563 4173 δὲ·
587 4142 608 4170 κ.
626 4142 648 4172 τ..
667 4125 686 4172 t.
721 4124 770 4191 ipsi
795 4125 836 4171 καὶ
854 4133 911 4191 post
939 4124 1028 4177 deletis
1041 4121 1225 4188 Hierosolymis
1237 4123 1272 4172 ita
1290 4121 1359 4190 ioqui
1378 4128 1486 4189 poterat

352 4215 440 4276 σέβειν
467 4220 494 4263 et
520 4210 626 4263 verbum
657 4216 752 4277 φρονεῖν
781 4210 911 4264 Glossema
938 4210 989 4264 Cir.
1019 4210 1123 4279 Tdbing.
1155 4211 1380 4278 Quortnisebript,
1418 4207 1434 4260 i.
1462 4223 1485 4258 c.

353 4315 419 4354 esse
436 4297 563 4352 ridentur.
594 4302 651 4353 otto
675 4313 720 4367 pro
739 4298 779 4345 καὶ
797 4296 828 4352 οἷς
848 4294 911 4346 Osis
937 4315 962 4366 p.
981 4298 1040 4350 449.
1226 4310 1228 4315 ·

337 4386 428 4461 legii
441 4387 483 4436 καὶ
500 4381 531 4443 uic
543 4381 614 4436 ,Θεδν
631 4405 653 4451 ον.
665 4404 687 4434 τ.
699 4387 719 4434 i.
746 4383 911 4439 Hoffmenutu

1517 4544 1606 4664 Ι
