3659 5209
423 587 499 645 arur
859 577 1112 641 rnoauaouunn.
1353 560 1548 645 [arrsaoute

425 766 486 814 non
499 748 559 831 jarn
576 746 695 809 ineunte
711 742 813 807 seculo
829 737 1044 818 secundo,.sed
1060 737 1277 821 posterioribus
1292 735 1417 799 demum
1434 743 1549 818 tempo·

425 856 508 919 ribus
523 854 665 936 viguisse.
702 849 733 913 ld
750 869 767 912 a
783 867 857 913 vero
874 846 1083 911 alienissimum
1101 862 1169 906 esse
1185 843 1343 905 Humerus
1362 838 1549 924 ’Μωα-

427 958 517 1021 diocia
540 957 576 1041 (t.
600 955 645 1038 c.)
669 962 700 1018 et
725 954 900 1016 Uttlornos
924 949 960 1032 (i.
984 968 1009 1012 c.
1032 969 1060 1030 p.
1084 948 1144 1013 281
1170 945 1255 1031 sqq.)
1279 936 1535 1010 demonstrarunt

512 1059 548 1145 a)
580 1062 603 1123 E
633 1060 767 1143 pluribus
797 1059 873 1120 enirn
905 1056 1095 1137 epistolarum
1125 1053 1199 1115 locis
1231 1060 1374 1134 apparet,
1411 1052 1550 1116 haeresco

425 1167 496 1230 istas
528 1171 669 1228 recenter
701 1169 821 1226 exortas
853 1177 923 1222 esse
954 1167 985 1222 et
1014 1160 1050 1223 ad
1079 1177 1214 1240 magnam
1246 1159 1305 1221 vim
1336 1156 1480 1220 nondum
1511 1158 1550 1220 io-

426 1271 566 1333 vatuisse.
610 1267 778 1331 Nonnullae
813 1265 946 1327 civitates
977 1262 1024 1348 (e.
1054 1283 1083 1346 g.
1114 1259 1269 1345 Ephesus)
1301 1261 1401 1323 adhuc
1435 1263 1476 1324 ab
1508 1261 1550 1324 hac

426 1380 512 1456 peste
535 1373 622 1455 plane
645 1372 757 1434 liberae
781 1377 865 1432 crant
888 1366 962 1451 (cir.
984 1369 1076 1450 lgnat.
1100 1367 1136 1430 ad
1160 1367 1268 1449 Ephes.
1293 1384 1318 1428 c.
1342 1362 1404 1446 6),
1443 1367 1550 1429 inatile

425 1480 549 1542 urbibus
580 1495 640 1540 non
672 1494 775 1540 ornnes
805 1474 922 1537 incolae
952 1473 1006 1536 sed
1029 1472 1139 1554 singuli
1160 1478 1271 1534 tanturn
1295 1465 1422 1555 (τινὲς,
1458 1465 1550 1554 ὀλίγοι

427 1578 585 1668 ἄφρονες)
616 1581 749 1662 corrupti
781 1585 866 1641 erant
894 1574 967 1661 (cir.
995 1577 1033 1639 ad
1064 1577 1162 1658 Magn.
1192 1595 1217 1638 c.
1242 1574 1281 1656 4,
1314 1575 1352 1638 ad
1385 1575 1510 1659 Smyrn.
1529 1571 1549 1652 l,
1603 1595 1606 1634 r

428 1687 466 1749 ad
496 1685 584 1748 Trall.
615 1703 640 1746 c.
665 1683 713 1767 8).
759 1684 854 1757 Qaun
885 1700 959 1744 vero
988 1681 1018 1742 hi
1049 1699 1164 1744 sunnno
1196 1678 1294 1743 studio
1325 1680 1407 1744 alios
1441 1691 1549 1762 quoque
1601 1699 1606 1738 r

429 1796 606 1870 pervertere
631 1793 660 1849 et
683 1788 796 1850 zizania
819 1787 904 1848 latius
929 1787 1075 1849 seminare
1098 1792 1287 1864 conarentur,
1309 1787 1422 1850 beatus
1452 1787 1549 1868 liar-tyr

430 1892 519 1955 valde
541 1893 744 1955 necessarium
767 1892 888 1973 putavit,
913 1909 1017 1954 ornnes
1040 1898 1072 1954 ut
1093 1891 1150 1953 sibi
1170 1895 1313 1952 caverent
1331 1888 1548 1972 praemunient
1596 1908 1606 1950 r

431 1993 503 2078 (cir.
527 1996 563 2059 ad
587 1996 684 2078 Magn.
709 2013 734 2057 c.
761 1993 817 2073 11·‚
841 1995 877 2057 ad
901 1996 989 2059 Trall.
1014 2013 1039 2057 c.
1063 1993 1100 2074 8,
1125 1995 1162 2056 ad
1186 1994 1301 2077 Smyrn.
1326 2012 1353 2056 e.
1379 1991 1433 2078 4).

518 2097 557 2183 h)
573 2100 638 2163 Duo
652 2102 780 2163 diversa
792 2101 1008 2165 hoereticorum
1021 2117 1133 2183 genera
1145 2097 1293 2181 (Docetas
1307 2107 1337 2160 et
1346 2094 1548 2181 Judaizrntea]

434 3468 519 3514 sacra
550 3468 602 3512 sua
633 3459 758 3533 agerent
788 3451 844 3534 (ad
872 3455 970 3537 Magn.
1002 3474 1027 3518 c.
1051 3453 1072 3520 4
1100 3463 1130 3520 et
1153 3457 1189 3535 7,
1220 3457 1258 3519 ad
1283 3457 1394 3520 Philad.
1431 3478 1461 3522 c.
1487 3452 1549 3533 'tl
1604 3462 1606 3511 ὲ

434 3553 472 3615 ad
488 3553 575 3615 Trail.
592 3571 617 3614 c.
636 3553 665 3632 7,
688 3555 724 3618 ad
741 3556 857 3639 Smyrn.
875 3577 900 3620 o.
919 3556 956 3635 83
979 3560 1032 3623 cfr.
1052 3560 1200 3637 Ulutlccrn,
1224 3561 1243 3622 l.
1265 3579 1290 3622 c.
1313 3579 1341 3641 p.
1359 3561 1427 3628 289
1445 3556 1549 3646 ην)

523 3654 559 3742 ο)
581 3659 675 3741 Hujus
690 3663 811 3742 generis
827 3661 979 3741 haeretici,
999 3662 1181 3726 ludaismum
1206 3670 1237 3726 et
1251 3663 1463 3731 Docelismum
1479 3682 1550 3731 oon·
1604 3700 1606 3723 ι

471 3882 498 3945 1)
524 3884 699 3951 Retracltonq
734 3885 781 3937 aler
816 3887 982 3955 wicltiquen
1008 3884 1155 3950 contendit,
1188 3886 1220 3938 ab
1250 3885 1348 3955 ignatio
1381 3888 1436 3941 aluo
1471 3900 1550 3960 geom

436 3971 572 4023 Bedentron
601 3985 680 4038 accen
710 3972 751 4023 dic
774 3974 905 4025 Acclatlrcit
935 3976 983 4025 ‹ter
1008 3970 1210 4023 adversariorum
1236 3974 1395 4041 impugnari,
1425 3995 1451 4025 α.
1469 3981 1549 4031 ΛΜ·
1603 4003 1606 4044 1

435 4057 647 4123 lunationirclrcn
676 4059 779 4125 itriola,
815 4059 841 4108 in
876 4061 983 4126 Ittoenii
1009 4061 1090 4124 ticos,
1126 4062 1154 4120 β.
1177 4062 1385 4128 schismatic005
1423 4063 1474 4115 eorl
1500 4058 1550 4114 titt

435 4143 620 4207 „Zeitaclrritt
655 4144 702 4208 fiir
738 4145 831 4194 tiator.
870 4142 983 4196 Τήιοι(ί
1008 4143 1103 4195 hornae
1121 4142 1151 4210 (l.
1165 4161 1187 4196 c.
1204 4162 1229 4212 p.
1242 4144 1293 4196 287
1305 4145 1356 4213 aq.)
1376 4146 1451 4199 bono
1470 4146 1550 4206 docuit

437 4221 464 4274 T.
483 4224 523 4276 xl.
543 4225 570 4277 P.
589 4225 631 4280 Ill.
650 4242 675 4294 p.
694 4226 728 4276 32
746 4241 802 4293 sqq.
1010 4244 1064 4294 eor,
1083 4245 1146 4298 quoa
1157 4229 1252 4283 arneto
1269 4234 1470 4289 schismaticor
1484 4236 1550 4301 puae
1604 4212 1606 4252 ἶ

471 4313 499 4377 2)
519 4317 639 4382 ttitacot,
674 4309 833 4379 Enretchung
860 4312 906 4365 dar
931 4313 981 4365 alt·
1009 4316 1078 4382 ipsos
1097 4316 1153 4368 iltor
1169 4320 1344 4385 judaizantes
1357 4321 1481 4374 vocetur
1498 4331 1550 4377 cett

436 4397 532 4451 kathol.
551 4398 660 4467 Kircbe,
690 4399 762 4454 Boon
786 4396 859 4452 1850.
888 4416 914 4467 p.
933 4401 984 4453 579
1010 4401 1167 4459 hierarchiae
1185 4403 1376 4460 ecclesiasticae
1402 4408 1550 4464 rosulenta
