3659 5209
582 385 740 442 orlsroml
759 387 805 441 ΑΒ
824 386 1133 451 [ildebaldum.
1354 393 1418 460 315

235 558 242 595 2
288 548 414 629 babuit,
436 551 680 633 nequerejeeit,
710 568 809 632 neque
831 549 1026 631 improbitatis
1053 557 1174 619 nostrae
1197 568 1418 627 memoremsa

235 664 249 703 ²
289 654 442 743 ostendit,
473 654 527 717 sed
556 656 703 736 patienter
734 671 798 716 eam
828 654 892 718 tulit
919 672 955 716 ac
985 656 1140 735 sustinuit,
1176 654 1265 739 ¹ipse
1294 666 1419 739 peecata

235 772 253 813 Ι
287 764 397 823 nostra
420 761 551 843 suscepit
559 782 568 837 3
598 740 774 842 “proprium
798 761 862 843 ipse
884 759 974 822 lilium
997 762 1122 842 pretium
1145 762 1338 825 redemtionis
1362 782 1418 845 pro

235 880 248 919 Ι
288 865 382 929 nobis
415 863 511 945 dedit,
545 871 677 928 sanetum
708 883 763 947 pro
794 866 922 945 iniquis,
957 866 1023 928 mali
1054 873 1207 948 expertem
1237 885 1293 950 pro
1325 868 1418 948 malis,

235 988 248 1027 r
283 970 404 1054 Jnslum
426 989 482 1052 pro
505 971 633 1054 injustis,
656 972 909 1054 incorruptibilem
933 989 988 1053 pro
1012 973 1268 1053 corruptibilibus,
1292 973 1418 1035 immor-

235 1072 250 1147 'r
286 1074 382 1139 talem
411 1093 466 1156 pro
497 1076 679 1139 mortalibus.
725 1075 801 1149 Ouid
833 1077 910 1139 enim
942 1077 1020 1140 aliud
1049 1084 1171 1159 peccata
1199 1084 1301 1140 nostra
1324 1079 1420 1159 potuit

241 1202 263 1241 a
287 1175 440 1263 ³tegere,
471 1198 558 1262 quam
590 1182 656 1264 ejus
682 1181 823 1264 justitia?
867 1182 900 1244 ln
924 1200 983 1263 quo
1006 1181 1064 1244 alio
1087 1200 1143 1245 nos
1170 1183 1261 1264 iniqui
1286 1189 1315 1245 et
1337 1182 1418 1265 impii

235 1312 260 1351 ι
282 1284 447 1369 Justilicari
476 1302 652 1368 possumus,
684 1304 771 1367 quarn
803 1287 832 1348 in
855 1287 921 1350 solo
944 1286 1005 1349 filo
1028 1287 1108 1349 Dei?
1154 1285 1319 1350 Odulcem
1343 1306 1417 1369 per·

235 1416 266 1457 ιι
286 1386 543 1470 ώιῑιῑῐοιιιιιι,ο
566 1391 867 1474 impervestigabilem
890 1392 1119 1471 institutionem,
1148 1392 1333 1455 obonelicia
1358 1410 1417 1455 ex·

235 1470 267 1563 Η
286 1496 507 1577 spectationem
532 1513 650 1559 omnem
672 1497 858 1577 superantia:
890 1503 922 1559 ut
951 1497 1090 1578 iniquitas
1118 1496 1237 1579 quidem
1260 1498 1417 1561 multorum

256 1632 265 1671 ι
286 1616 323 1662 ιιι
346 1616 408 1662 uno
426 1600 509 1681 J'uslo
532 1598 749 1679 abscondatur,
776 1600 890 1682 justitia
921 1605 1019 1663 autem
1047 1601 1135 1663 unius
1159 1602 1266 1665 multos
1291 1602 1417 1684 injustos

254 1740 263 1781 J
286 1702 447 1786 justificetl
492 1704 588 1778 Ouum
612 1704 701 1786 igitur
723 1706 873 1787 superiori
896 1711 1030 1787 tempore
1053 1723 1110 1768 nos
1136 1708 1332 1788 convicisset,
1355 1723 1417 1770 non

248 1818 386 1890 (posse
401 1815 534 1871 naturam
549 1815 681 1872 nostram
696 1812 755 1872 vita
772 1811 870 1892 potiri,
894 1828 974 1873 nunc
990 1818 1086 1873 autem
1104 1819 1290 1875 servatorem
1307 1819 1417 1875 osten-

235 1930 263 1993 ᾖ
287 1911 395 1993 disset,
418 1914 468 1995 qni
490 1932 614 1977 seruarc
637 1920 737 1996 potest
758 1933 794 1977 ea
817 1915 913 1994 etiam,
937 1933 1014 1996 quae
1029 1916 1152 1977 servari
1175 1934 1235 1978 non
1263 1923 1417 2000 poterant;

235 2000 348 2101 fiper
376 2024 533 2099 utrumque
562 2019 673 2097 voluit,
703 2035 760 2081 nos
789 2018 963 2100 benignitati
989 2037 1062 2082 suae
1085 2018 1230 2100 credere,
1262 2023 1417 2104 ipsumque

235 2144 262 2207 ,·
288 2122 462 2186 existimare
481 2124 666 2202 nutritorem,
683 2130 806 2205 patrem,
827 2124 1009 2206 magistrum,
1029 2125 1237 2202 consiliarium,
1260 2126 1416 2206 medicum,

235 2272 262 2313 ,
286 2227 473 2310 sapientiam,
496 2229 607 2309 lumen,
629 2229 785 2309 bonorem,
809 2230 945 2312 gloriam,
968 2230 1069 2310 robur,
1090 2231 1197 2305 vitam3
1221 2225 1284 2291 ⁴de
1309 2231 1416 2293 vestitu

252 2316 256 2333 ⁵
287 2337 321 2395 ot
343 2333 426 2395 victu
446 2334 591 2397 sollicitos
614 2352 674 2397 non
698 2351 776 2398 esse.
1444 2320 1446 2325 ¹

235 2570 261 2617 ι
351 2523 388 2587 Χ
434 2524 560 2602 Quanto
582 2525 665 2588 bono
686 2526 845 2608 Diopocto
867 2526 1013 2606 osflooot,
1035 2528 1174 2608 silidam
1195 2529 1358 2607 suscipiat.

235 2702 259 2741 Ι
379 2648 463 2710 Hanc
493 2648 519 2710 si
550 2654 581 2710 tu
611 2666 731 2730 quoque
755 2645 964 2732 expetiveris
994 2648 1099 2730 isdem,
1131 2651 1218 2712 etiam
1244 2648 1417 2731 adipisceris

235 2755 416 2863 3primum
441 2753 560 2834 quidem
582 2749 800 2836 agnitionem⁶
811 2756 912 2837 patris.
960 2754 1041 2816 Deus
1058 2755 1135 2816 enim
1153 2755 1287 2817 homines
1303 2752 1417 2832 dilexit,

235 2894 259 2957 :i
287 2865 415 2943 propter
437 2876 512 2939 quos
536 2860 675 2922 mundum
698 2859 841 2939 creavit,
858 2861 964 2940 quibus
988 2860 1086 2923 omnia
1109 2861 1254 2943 subjecit,
1287 2877 1364 2940 quae
1387 2858 1417 2920 in

242 2958 400 3061 'terra
422 2970 508 3044 suni,
540 2960 684 3045 quibus⁸
698 2964 862 3045 rationem,
895 2964 1001 3046 quibus
1025 2971 1151 3027 mentem
1175 2963 1274 3043 dedii,
1310 2963 1417 3045 quibus

250 3132 258 3161 „
288 3069 365 3135 solia
380 3064 518 3131 ⁹sursum
535 3069 680 3149 adipsum
693 3069 797 3133 oculos
811 3068 948 3131 attollere
960 3067 1104 3149 permisit,
1121 3086 1197 3148 quos
1210 3068 1266 3130 ad
1258 3068 1417 3150 imaginem

251 3322 256 3333 .
288 3274 397 3328 Boormi
414 3282 498 3328 autem
511 3275 659 3346 apographo
672 3278 736 3329 atla
749 3278 839 3329 codice
866 3290 902 3324 σοι
894 3275 1020 3343 παρέξει
1045 3272 1097 3326 Cir.
1108 3278 1330 3345 Quartalscbrift,
1342 3273 1417 3386 l825.

250 3356 254 3363 ’
287 3360 500 3432 Argentoratcnei
518 3362 650 3415 arridentes
665 3364 840 3432 scriptumest
867 3380 892 3431 p.
912 3363 972 3417 455.

287 3445 404 3513 modium
432 3453 511 3501 Orno.
901 3451 930 3516 7)
952 3449 988 3503 lta
1006 3444 1120 3503 lacunam
1134 3451 1229 3505 codicia
1241 3449 1327 3518 explet
1340 3448 1416 3516 Otto
1431 3514 1433 3523 Ι

249 3578 253 3601 ,
323 3536 354 3604 6)
372 3534 409 3587 lta
429 3535 543 3589 brunam
563 3537 657 3590 codicis
676 3538 839 3608 Stephaniani
865 3538 908 3590 alii
928 3535 1045 3607 legunt‘
1034 3555 1059 3586 ιν
1078 3534 1150 3605 αὐτῷ.

249 3608 253 3625 '
288 3620 402 3689 explevit
426 3624 499 3689 Otto,
531 3624 564 3675 ad
595 3624 670 3677 fidem
701 3627 840 3696 apographi
900 3624 930 3694 8)
949 3625 986 3679 lta
1005 3627 1116 3678 codices.
1153 3625 1218 3679 blata
1237 3625 1354 3678 bleranus
1372 3622 1416 3674 λό-

287 3705 436 3760 Baurarianl
455 3718 480 3761 et
497 3711 590 3763 codicia
604 3712 838 3782 Argentoratensis,
866 3732 919 3781 yma
939 3712 1059 3766 exhibuit.

287 3802 407 3847 vemens:
434 3799 530 3863 „llam
548 3801 584 3852 do
601 3803 753 3855 Sebriaoebt
770 3805 839 3855 coeli
901 3799 931 3868 9)
949 3799 1010 3852 Post
1028 3814 1118 3852 vocam
1136 3798 1217 3865 μόνοις
1236 3809 1290 3853 arat
1307 3792 1332 3851 in
1352 3798 1416 3850 blato

283 3883 377 3949 imur
396 3885 528 3948 (ilenrico,
554 3902 586 3938 so
610 3889 689 3940 wirot
712 3889 839 3942 dococta
866 3886 954 3953 litera,
982 3901 1058 3954 quam
1079 3885 1222 3955 Stephanus
1243 3889 1339 3939 initium
1359 3901 1416 3938 essa

290 3970 382 4022 Gom
412 3972 507 4023 Waam
538 3975 683 4039 misum,
713 3977 780 4028 dara
810 3992 839 4029 aa
865 3982 939 4041 putat
956 3975 1027 4026 vocis
1045 3968 1096 4021 ἄνω
1114 3982 1158 4025 aut
1178 3969 1264 4040 ᾰιεγές.
1299 3972 1416 4026 Habebat

288 4057 500 4111 ndnlicltbim
517 4057 589 4111 σοι(ι
619 4063 711 4114 Bilitio
729 4060 838 4129 placuit:
865 4058 916 4111 ‹ira›
951 4060 1115 4130 apographon
1152 4058 1264 4112 Bourari.
1311 4065 1414 4112 Menan.

287 4139 418 4209 &frmi
434 4143 574 4211 'dimidiu
591 4148 635 4193 τοῦ
653 4145 716 4194 Θεοῦ
732 4145 838 4214 χρηστό-
866 4144 974 4201 Primam
998 4147 1097 4200 literam
1118 4149 1189 4200 vocis
1213 4142 1263 4194 ἅνω
1288 4150 1365 4200 etiam
1389 4148 1415 4198 in

278 4226 389 4303 ’φῇς
414 4232 579 4307 Βμῦυνρᾷοι,
597 4228 725 4315 &olyram
750 4230 840 4302 πατρὸς
866 4236 956 4287 codice
977 4235 1186 4308 Argentoratcnai
1205 4232 1301 4289 detexit
1319 4233 1386 4292 Orto.

1417 4428 1526 4538 Ι
