3659 5209
402 513 467 583 370
606 512 744 570 nuum
762 511 896 581 Piston.
932 512 1027 565 LIBER
1047 512 1076 567 it.
1113 513 1266 587 mour.
1286 515 1331 569 xt

401 677 534 741 virorum
547 678 708 761 justorum,
729 675 898 739 habentium
914 675 1048 757 spiritum
1065 675 1240 758 diuinitatis,
1257 684 1290 740 et
1307 668 1406 742 oratio
1422 678 1521 743 iliorum

401 781 433 845 fit
448 781 485 845 ed
500 782 665 859 Dominum,
691 782 858 843 exinanitur·
880 781 970 845 homo
994 782 1052 859 iile,
1077 783 1219 864 quoniam
1248 784 1379 865 spiritus
1401 784 1448 847 iile
1469 792 1522 847 tor-

401 888 505 950 restris
530 886 604 970 fugit
628 886 664 948 ab
687 886 756 964 iiio,
781 892 810 947 et
834 886 1027 963 obmutescit,
1051 904 1107 948 neo
1132 885 1298 968 quidquam
1324 894 1427 969 potest
1446 890 1523 970 loqui

325 992 483 1083 Ἀξίου)
505 993 535 1055 iii
558 991 720 1074 apotheca,
752 993 778 1054 si
807 988 1017 1054 'obturaveris
1041 992 1140 1054 viuum
1165 991 1214 1052 uel
1248 992 1374 1072 oleum,
1406 1001 1434 1056 et
1460 995 1524 1056 inter

399 1096 449 1158 iliu
472 1114 543 1159 vaso
567 1097 706 1178 posueris
726 1095 896 1177 amphoram
920 1114 1052 1174 vacuam,
1077 1093 1136 1157 ²et
1153 1113 1276 1159 rursum
1296 1098 1524 1162 obturemeutuu

400 1200 554 1283 deponere
578 1201 721 1280 volueris,
745 1201 915 1280 amphorem
940 1195 1027 1280 illem,
1051 1219 1138 1282 quam
1160 1201 1315 1282 posuisti,
1342 1221 1467 1279 vacuam
1486 1204 1524 1265 iu·

399 1308 522 1383 venies3
555 1307 599 1369 sie
626 1311 656 1367 et
679 1305 844 1386 Prophetae
875 1306 977 1383 vacui,
1009 1324 1096 1386 quum
1129 1307 1275 1369 verrerint
1307 1308 1390 1371 inter
1421 1308 1524 1389 spiriru

394 1412 556 1493 justorum,
581 1411 684 1490 quales
708 1410 840 1488 ueniunt,
863 1409 937 1473 teies
961 1411 1158 1473 inveniuntur.
1205 1407 1390 1501 ³[Spiritus
1413 1413 1524 1481 omnim

399 1517 550 1580 hominum
574 1516 725 1578 terrestris
750 1522 796 1577 est
818 1522 848 1577 et
871 1515 957 1593 levis,
981 1521 1010 1578 et
1033 1515 1254 1581 virtutemnon
1277 1515 1374 1579 hebet
1390 1518 1421 1581 in
1438 1525 1523 1594 totum

399 1628 428 1684 et
460 1621 547 1682 multo
577 1619 737 1700 loquitur.“
784 1618 820 1680 Et
843 1618 923 1681 dixi:
945 1639 1045 1702 .„quo
1075 1618 1164 1682 modo
1194 1619 1292 1702 igitur
1328 1623 1413 1687 scire
1444 1626 1524 1704 potest

398 1726 503 1805 uliquis
527 1721 659 1786 ⁴e0s?“
708 1723 856 1802 ᾖΑιιῠῑ,ιι
881 1726 992 1806 iuquit¹
1019 1724 1083 1805 „de
1107 1724 1376 1806 utrisque.vesis;
1413 1733 1443 1788 et
1464 1727 1524 1788 sicot

399 1826 465 1891 dieo
498 1827 565 1905 tibi,
598 1827 642 1889 sie
673 1829 813 1909 probabis
836 1830 1012 1911 Prophetam
1036 1830 1109 1909 Dei,
1143 1836 1173 1891 et
1204 1812 1324 1897 falsum.
1349 1831 1523 1913 Propheturu

398 1931 525 1993 Primum
549 1932 648 2012 itaque
671 1932 763 2014 probe
788 1933 955 2013 homiuem,
987 1936 1038 2023 qui
1069 1933 1156 1996 hebet
1186 1935 1329 2016 spiritum
1360 1936 1438 2014 Dei;
1472 1934 1524 2016 quir

399 2036 528 2115 spiritus,
554 2037 603 2117 qui
627 2036 784 2100 desursum
807 2044 861 2117 est,
886 2040 1005 2120 quietus
1029 2045 1128 2120 estet
1147 2039 1278 2119 humilis,
1305 2048 1337 2103 et
1357 2040 1479 2104 recedit
1497 2039 1521 2101 ri

399 2142 477 2202 omui
500 2140 629 2222 nequitia
654 2142 857 2205 et'desiderio
881 2163 960 2208 verro
984 2145 1071 2226 hujus
1094 2143 1205 2223 seculi,
1239 2151 1270 2206 et
1287 2190 1290 2195 -
1306 2147 1393 2211 omni
1419 2146 1521 2210 homine

398 2262 432 2307 se
456 2245 524 2307 iacit
546 2247 742 2327 humiliorem,
768 2255 796 2310 et
819 2249 929 2312 nemini
953 2248 1117 2331 respondet
1136 2249 1362 2331 interrogatus,
1389 2270 1449 2314 nec
1471 2252 1521 2314 siu

398 2351 477 2434 gulis
500 2353 665 2432 respondet
671 2374 681 2430 3
705 2371 803 2434 neque
827 2372 924 2435 quum.
939 2354 1016 2433 vult,
1036 2355 1147 2418 homini
1170 2355 1307 2434 loquitur
1326 2357 1457 2438 spiritus
1472 2355 1524 2432 Dei,

398 2457 460 2539 sed¹
477 2464 546 2519 tuno
569 2458 708 2539 loquitur,
732 2478 821 2539 quum
844 2459 906 2522 vult
928 2458 1038 2533 Deus„
1066 2459 1161 2533 Quum
1185 2478 1260 2542 ergo
1286 2462 1415 2525 venerit
1438 2462 1525 2537 homo,

399 2563 449 2641 qui
472 2561 560 2624 habet
583 2564 716 2643 spiritum
740 2565 805 2641 Dei,
829 2565 858 2626 iu
883 2564 1040 2627 ecclesiam
1062 2565 1220 2646 Justorum,
1236 2560 1427 2633 *habentium
1450 2565 1525 2639 fidem

398 2665 471 2744 Dei,
496 2672 524 2729 et
548 2670 643 2731 oratio
667 2669 699 2730 fit
722 2668 758 2730 ud
781 2668 956 2745 Dominum;
987 2676 1057 2732 tune
1080 2670 1348 2733 nuntius-saueius
1375 2670 1525 2734 divinitatis

398 2772 499 2852 impiet
521 2773 669 2837 homiuem
693 2775 771 2837 ilium
795 2775 901 2855 spiritu
923 2780 1038 2852 saneto,
1063 2780 1093 2837 et
1115 2775 1245 2855 loquitur
1269 2776 1301 2837 in
1327 2776 1438 2855 turbe,
1459 2775 1525 2837 siout

367 2874 369 2879 ’
398 2876 478 2939 Deus
508 2878 580 2941 vuit.
627 2878 675 2944 Sic
706 2898 781 2962 ergo
813 2879 998 2960 dignoscitur
1029 2879 1149 2960 spiritus
1178 2879 1341 2945 divinitatis
1369 2877 1430 2943 ⁵iu
1454 2894 1523 2960 quo-

398 3000 524 3063 cumque
548 2985 667 3064 spiritus
693 2984 852 3047 divinitatis
875 2984 1016 3064 loquitur.
1061 2979 1170 3050 ⁶Auti
1199 3002 1282 3055 nuno
1308 2990 1340 3048 et
1365 2984 1407 3048 de
1430 2984 1523 3066 spirito

398 3088 544 3167 terrestri,
567 3106 664 3152 vocuo
688 3094 718 3151 et
740 3087 830 3168 fatuo,
855 3090 990 3151 virtutem
1007 3107 1067 3152 uon
1083 3080 1219 3153 huberte.
1256 3084 1418 3153 ⁷Primum
1437 3098 1523 3154 eutem

434 3311 459 3377 1)
480 3311 498 3365 1.
514 3330 536 3367 e.
556 3315 581 3364 iu
600 3313 665 3365 vasis
684 3312 809 3377 reclusum
822 3314 944 3381 posueris.
972 3328 1021 3366 uon
1034 3313 1164 3382 postulare
1177 3322 1283 3380 tautum,
1299 3317 1349 3368 sed
1366 3327 1394 3370 et
1407 3318 1523 3387 flagitem.

406 3402 460 3477 x2)
480 3401 498 3451 i.
512 3417 534 3471 e.
548 3401 568 3451 ei
582 3399 728 3466 amphoram
741 3416 847 3452 vacuam
855 3410 945 3471 posteo
974 3429 1004 3438 -
1026 3400 1094 3467 Mos.
1124 3400 1197 3470 Aurgi.
1228 3393 1371 3457 exiiibenu:
1410 3410 1524 3461 Prinun

396 3488 505 3555 aperies,
525 3501 580 3536 eum
599 3486 680 3537 udhuo
699 3503 804 3539 vacuum
823 3489 944 3554 reperies.
973 3490 1096 3540 omnium
1124 3517 1126 3523 ·
1283 3558 1285 3563 Ι

432 3571 460 3634 3)
473 3575 605 3640 ¹Spiritus
635 3602 669 3610 -
700 3576 750 3629 Dei
780 3578 944 3649 Prophetiam.
1007 3575 1035 3637 4)
1055 3572 1095 3625 So.
1115 3562 1261 3641 Prophetas.

396 3659 467 3710 Haec
486 3661 556 3710 urreis
574 3659 669 3711 inclusa
687 3660 795 3719 iniistis
814 3665 876 3727 (uuo
897 3658 944 3712 ex·
1007 3661 1035 3726 5)
1048 3647 1127 3712 Boii.
1147 3650 1173 3725 et
1190 3661 1275 3715 Lamb.
1287 3667 1378 3734 ¹quior,
1404 3669 1523 3735 quicom-

398 3747 487 3813 cepto)
518 3755 545 3797 et
574 3749 599 3799 in
624 3746 704 3797 Editis
734 3746 798 3798 inire
828 3747 946 3817 leguntur
972 3751 1137 3818 pompis-itu
1154 3750 1305 3804 dioirtitatie
1324 3755 1462 3822 loquitur,
1484 3755 1524 3806 lo·

396 3831 480 3885 Mand.
498 3832 560 3898 xit,
589 3850 611 3883 e.
633 3833 644 3882 1
667 3842 693 3884 et
711 3833 743 3899 2,
774 3843 832 3902 post
849 3837 944 3889 verba:
972 3839 1070 3905 quitur,
1090 3838 1161 3889 eieut
1179 3838 1314 3891 Dominus
1331 3842 1401 3893 vult.

396 3922 477 3977 morti
503 3923 583 3981 tradit
608 3937 704 3973 eerooe
732 3925 789 3974 Dei.
835 3921 884 3972 Hie
914 3932 944 3973 eu
977 3956 981 3963 -
1007 3923 1037 3982 6)
1067 3920 1114 3977 ltie
1148 3922 1174 3972 in
1209 3908 1291 3974 Editio
1328 3926 1423 3994 incipit
1453 3943 1476 3978 o.
1502 3927 1524 3977 2.

397 4019 454 4075 esse
478 4006 612 4057 inserenda
629 4006 681 4072 jum
700 4005 804 4059 Wakius
824 4009 902 4073 vidit,
930 3994 944 4060 e
972 4006 1055 4060 Mand.
1074 4006 1126 4059 ΧΠ.
1227 4058 1239 4070 ,,
1374 4040 1377 4045 -

336 4131 339 4135 .
398 4087 494 4143 Graeco
513 4090 763 4147 Pseudo-Athanasii
786 4103 811 4146 et
829 4112 861 4146 ex
881 4095 943 4147 (3οά.
1007 4099 1035 4160 7)
1061 4092 1149 4148 Codex
1172 4093 1246 4147 Boot.
1272 4099 1312 4151 sie
1337 4101 1435 4157 hebet:
1462 4107 1524 4159 un·-

396 4176 481 4229 Lumb.
508 4179 533 4228 id
558 4179 688 4249 colligens.
726 4181 901 4248 Adstipulotur
921 4184 944 4234 ei
972 4186 1128 4238 mumem'm
1146 4187 1231 4248 tomo,
1251 4189 1298 4253 qui
1314 4194 1525 4262 putaprgpffl.

397 4262 556 4331 Guiiuudius,
582 4284 702 4335 monens,
730 4269 858 4338 utriusque
882 4285 944 4321 sone
971 4280 1027 4326 tum
1044 4274 1333 4338 inhumanitates.

396 4349 446 4402 loci
465 4359 610 4406 contextum
629 4355 724 4421 (uano.
742 4353 777 4407 xi
800 4363 826 4408 et
843 4355 900 4425 xli)
919 4356 944 4408 id
