3659 5209
358 556 361 566 '
406 580 474 636 xxu
842 560 1097 628 raoaacoucm.
1338 569 1533 641 [arrsromu

408 742 497 806 moda
519 739 590 803 illud
614 744 697 817 erat,
729 735 809 818 quod
833 741 922 798 sexto
945 733 1081 796 milliario
1104 750 1210 815 aquam
1232 729 1363 798 humeris
1386 735 1450 798 suis
1476 734 1533 798 de-

409 854 531 930 portare
562 843 715 908 deberent.
769 839 905 910 Pontifex
936 844 1033 901 autem
1066 856 1170 901 eorum
1204 839 1396 903 miseratione
1427 847 1533 921 tactus,

408 971 475 1015 cum
499 951 568 1033 agni
592 947 744 1030 cujusdam
769 946 869 1024 ductu,
892 945 944 1008 uhi
967 943 1034 1007 sons
1059 951 1150 1023 esset,
1174 945 1379 1028 cognovisset,
1403 964 1480 1025 eam,
1506 955 1534 1008 ut

410 1055 587 1133 effoderent,
611 1052 785 1116 Christianis
809 1049 946 1114 ostendit.
986 1049 1098 1123 Quibus
1119 1051 1317 1130 nequicquam
1332 1049 1533 1114 laborantibus

410 1161 438 1228 S.
457 1162 594 1223 Clemens
618 1159 683 1241 ipse
707 1174 774 1219 eum
796 1156 894 1219 locum
916 1155 976 1218 levi
992 1149 1050 1217 ictu
1066 1157 1224 1235 percussit,
1248 1160 1278 1217 et
1294 1154 1362 1218 lons
1378 1156 1459 1218 illico
1476 1175 1533 1218 ex-

409 1267 486 1330 siliit.
519 1264 564 1327 hd
581 1263 715 1326 miraculi
731 1261 818 1343 hujus
835 1259 940 1323 lamam
958 1267 1017 1323 tota
1030 1263 1184 1342 provincia
1198 1268 1385 1339 accurrente,
1399 1263 1533 1325 cunctis-

409 1390 468 1452 que
492 1369 528 1432 ad
552 1369 639 1432 hdern
664 1366 805 1430 traductis
830 1371 859 1429 et
883 1366 1047 1449 baptizatis,
1070 1368 1147 1431 intra
1170 1370 1238 1432 anni
1262 1368 1387 1449 spatium
1409 1374 1534 1449 septua-

409 1475 492 1557 ginta
509 1472 657 1534 ecclesiae
673 1476 872 1549 constructae,
889 1469 969 1534 idola
986 1472 1084 1535 oninia
1101 1473 1262 1551 confracta,
1279 1472 1387 1554 templa
1403 1473 1534 1536 circum-

407 1579 536 1661 jacentis
553 1576 687 1657 regionis
704 1575 810 1654 diruta,
834 1595 1000 1658 omnesque
1016 1579 1072 1641 luci
1089 1579 1236 1661 usquead
1254 1583 1386 1641 trecenta
1403 1579 1535 1641 milliaria

409 1683 439 1745 in
464 1681 590 1744 circuitu
613 1682 726 1745 concisi
749 1680 842 1744 luere.
889 1682 1150 1775 Trajanusovero,
1181 1689 1214 1747 ut
1243 1689 1351 1747 tantum
1379 1685 1425 1746 rei
1453 1684 1535 1746 chri-

411 1788 526 1851 stianae
550 1778 744 1869 progressum
768 1788 898 1866 sisteret,
912 1787 1105 1851 Clementem
1121 1789 1252 1853 anchora
1269 1789 1305 1851 ad
1322 1789 1431 1851 collum
1448 1789 1535 1871 ligata

410 1893 440 1955 in
474 1893 555 1954 mare
590 1892 725 1976 demergi
756 1892 911 1956 mandavit.
958 1892 997 1956 At
1027 1895 1100 1957 mari
1132 1912 1228 1974 usque
1258 1893 1295 1955 ad
1327 1893 1444 1974 locum,
1478 1913 1534 1976 quo

413 1997 558 2080 pontificis
576 2016 686 2079 corpus
704 1999 841 2080 jacebat,
854 1997 1027 2078 recedente,
1050 1998 1122 2062 illud
1138 1999 1250 2062 tumulo
1268 2016 1361 2061 saxeo
1378 1999 1408 2062 in
1425 2003 1533 2085 templo

408 2102 539 2183 quodam
564 2121 730 2165 marmoreo
755 2102 904 2166 conditum
930 2103 1088 2167 Christiani
1110 2104 1311 2166 invenerunt“
1333 2101 1370 2186 ¹).

498 2206 531 2268 ll.
560 2207 719 2270 Clementis
736 2210 919 2290 temporibus
937 2230 1025 2292 quum
1042 2210 1219 2294 gravissima
1237 2209 1386 2274 dissensio
1404 2211 1536 2275 Corinthi

412 2321 519 2376 exorta
544 2319 624 2376 csset
652 2315 730 2376 inter
760 2315 868 2377 iratres
884 2312 935 2399 Ι1),
969 2317 1097 2378 ecclesia
1119 2317 1250 2379 Romana
1274 2316 1535 2379 luculentissimam

412 2419 566 2499 epistolam
591 2418 750 2482 Corinthiis
774 2419 909 2502 scripsit,
939 2439 994 2500 qua
1020 2438 1073 2484 eos
1097 2423 1133 2484 ad
1156 2441 1259 2503 pacem
1284 2421 1535 2503 concordiamque

412 2533 589 2604 revocaret,
614 2532 644 2587 et
666 2524 753 2587 hdem
775 2525 908 2603 illorum,
932 2533 962 2587 et
985 2545 1071 2606 quam
1094 2545 1201 2589 recens
1225 2529 1261 2590 ab
1285 2527 1442 2608 Apostolis
1467 2545 1536 2590 sus·

414 2631 557 2710 ceperant
573 2629 760 2692 traditionem
777 2636 967 2693 renovarent.
1000 2631 1040 2692 lta
1056 2631 1197 2694 irenaeus
1210 2627 1251 2714 ³).
1283 2633 1365 2695 llano
1381 2634 1534 2714 epistolam

391 2737 533 2798 nomine
558 2737 704 2798 ecclesiae
723 2735 875 2798 Romanae
899 2736 1081 2799 Clementem
1104 2742 1237 2799 nostrum
1261 2738 1420 2819 scripsisse
1445 2730 1535 2800 relert

396 2837 561 2902 :Eusebius
578 2836 629 2922 ⁴),
654 2840 797 2920 multique
821 2841 869 2901 alii
893 2847 1027 2903 veterum
1050 2841 1138 2923 hujus
1162 2841 1308 2922 epistolae
1329 2843 1534 2905 meminerunt.

413 2942 474 3007 Sed
504 2950 571 3006 ante
602 2944 667 3007 Sec.
690 2943 776 3006 XVll.
807 2949 911 3008 ornnes
943 2945 1030 3009 medii
1062 2952 1092 3008 et
1121 2946 1272 3009 inferioris
1304 2947 1370 3009 aevi
1402 2946 1535 3030 theologi

415 3048 499 3110 hanc,
515 3050 607 3129 patris
631 3049 787 3131 apostolici
811 3051 965 3131 epistolam
990 3051 1171 3133 deperditam
1194 3053 1342 3135 lugebant.

501 3152 591 3216 Anno
614 3163 711 3217 autem
737 3151 820 3219 1628
843 3156 969 3240 Cyrillus
984 3157 1116 3235 Lucanis,
1138 3156 1307 3218 Patriarcha
1322 3157 1535 3220 Constantino·

415 3257 581 3339 politanus,
615 3259 781 3342 Anglorum
803 3263 870 3345 regi
893 3262 1001 3325 Carolo
1024 3261 1044 3323 l.
1074 3262 1309 3342 antiquissimum
1335 3262 1368 3323 V.
1392 3269 1423 3325 et
1446 3263 1483 3325 N.
1506 3262 1535 3323 Τ.

416 3363 552 3426 codicem
576 3363 655 3428 dono
678 3366 756 3429 misit
772 3364 803 3452 ⁵)
811 3389 821 3444 ;
845 3373 874 3430 et
897 3385 980 3447 ecce,
1002 3367 1038 3429 ad
1063 3367 1173 3430 calcem
1190 3367 1436 3451 praestantissimi
1452 3367 1536 3451 huJus

454 3553 480 3619 1)
499 3553 610 3605 Historia
624 3553 699 3606 theol.
714 3555 834 3610 crit.l'.l.
848 3558 963 3628 p.52sq.
992 3557 1122 3630 rejecisse.
1159 3557 1208 3610 Sed
1228 3557 1345 3611 Clemens
1371 3559 1428 3625 ipse
1447 3573 1536 3610 receu-

454 3640 482 3706 2)
503 3641 964 3715 Seditiomotalueratcontrapres·
992 3647 1083 3697 tioram
1109 3632 1294 3710 Corinthiorum
1323 3645 1479 3698 seditionem
1509 3643 1535 3696 ab

417 3726 526 3795 byteros
539 3732 573 3794 (c.
587 3729 643 3794 47),
660 3730 702 3798 qui
716 3730 808 3796 injuste
820 3734 966 3785 muneribus
992 3731 1035 3782 illa
1055 3732 1133 3799 priori
1153 3731 1220 3783 bene
1239 3733 1368 3802 distinguit
1386 3749 1408 3784 c.
1428 3732 1472 3783 47.

418 3817 468 3869 suis
487 3814 673 3880 dejiciebantur
691 3818 792 3883 (call).
830 3817 965 3871 Schenlre·
1027 3817 1056 3884 3)
1076 3817 1139 3870 hav.
1157 3819 1229 3872 haer.
1243 3818 1286 3885 lll,
1300 3821 1323 3871 3.
1352 3817 1536 3887 ApudEussl.

417 3902 467 3953 lius
485 3901 524 3970 (in
543 3900 669 3955 Ullmauni
681 3904 750 3957 stud.
769 3905 867 3958 etllrit.
888 3905 965 3958 1811.
992 3904 1056 3957 Hist.
1076 3905 1145 3957 Eccl.
1164 3906 1194 3970 V,
1214 3906 1238 3958 6.

417 3987 489 4042 Fasc.
509 3989 527 4040 l.
547 4007 571 4058 p.
592 3991 625 4042 53
641 3994 709 4060 sqq.)
729 3998 851 4056 autumat,
870 3990 965 4044 lactio—
1016 3991 1058 4061 d)
1075 3991 1139 4045 llist.
1158 3993 1220 4045 eccl.
1239 3992 1334 4057 111416
1354 4001 1380 4045 et
1398 3993 1443 4045 38.

409 4081 475 4127 'uem
494 4076 576 4144 illam,
596 4094 660 4148 quae
680 4078 769 4131 Christi
790 4093 848 4129 esse
867 4077 965 4146 gloria·
1028 4079 1056 4141 5)
1075 4077 1126 4131 Clr.
1143 4081 1242 4144 Woide,
1260 4078 1343 4131 Praei.
1357 4080 1388 4131 ad
1403 4081 1537 4133 editionem

418 4161 492 4214 batur
505 4163 595 4226 (icor.
610 4164 701 4231 1,12),
715 4165 848 4229 revixisse,
863 4166 967 4216 etsicut
993 4165 1093 4218 Codicis
1111 4165 1285 4234 Alexandrini,
1311 4183 1336 4235 p.
1355 4164 1397 4219 lll.
1417 4171 1443 4233 §.
1465 4168 1497 4219 15
1515 4173 1537 4218 et

419 4252 595 4312 auctoritatem
610 4250 799 4319 Apostolorum,
819 4253 854 4303 ita
874 4260 899 4303 et
917 4268 964 4304 au·
992 4255 1101 4323 Tatium.
1129 4253 1206 4307 theol.
1233 4253 1442 4320 Quartalschrilt,
1465 4252 1535 4306 1843.

389 4329 394 4337 ’
418 4338 785 4406 ctoritatempresbyterorum,
796 4340 838 4407 qui
850 4338 880 4391 ab
892 4338 965 4407 Apo·
992 4356 1017 4407 p.
1038 4339 1096 4391 583.

418 4423 491 4479 stolis
517 4425 618 4478 lucrant
642 4424 765 4491 instituti,
790 4425 918 4495 sprevisse
935 4441 967 4479 sc
