3659 5209
675 541 695 594 1.
716 539 898 595 clausuris
917 541 963 594 so
983 542 1056 596 eor.
1075 544 1137 596 xxi.
1425 555 1467 619 85

321 794 325 801 '
358 868 361 873 Ι
396 793 426 853 Ἰ.
476 791 721 867 Oblemperemns
743 790 828 865 Deo,
854 809 917 852 non
940 791 1107 855 seditionis
1129 795 1326 873 aoclorilms,
1357 817 1395 859 ne
1417 800 1468 862 in-

359 888 362 893 ’
393 915 520 957 numero
544 897 629 956 illins
653 895 800 973 beneficio
823 890 913 956 nobis
937 897 967 955 in
994 899 1280 961 condemnationem
1307 903 1425 966 cedant.

338 976 354 1003 *
788 999 1040 1064 Adlorlutiones.

436 1120 560 1200 Videte,
585 1122 699 1200 dileeli,
723 1140 762 1184 ne
785 1121 928 1183 beneficia
952 1125 1034 1204 ejus,
1059 1143 1135 1204 quae
1159 1126 1248 1188 mulla
1272 1133 1357 1204 sunl,
1385 1129 1470 1192 nobis

348 1228 486 1292 omnibus
518 1229 546 1288 in
578 1226 853 1314 condemnationem
885 1226 1009 1303 cedant,
1043 1229 1098 1289 nisi
1131 1228 1221 1311 digne
1253 1229 1303 1291 illo
1336 1230 1471 1294 viventes

346 1335 426 1396 bona
458 1338 486 1393 el
515 1339 636 1412 accepia
665 1333 694 1392 in
725 1338 886 1410 conspectu
917 1332 982 1411 eJus
1012 1351 1078 1393 curn
1107 1334 1269 1397 eoncordia
1301 1334 1470 1398 fecerimus.

346 1438 428 1499 Dicil
451 1438 527 1498 enirn
546 1435 669 1497 alieubi:
696 1434 702 1471 ¹
717 1435 849 1514 spiritns
864 1434 993 1496 Domini
1009 1436 1139 1497 lacerno
1153 1445 1300 1501 sermons
1320 1459 1473 1502 cavernas

345 1541 477 1604 centris.
523 1539 767 1615 Consideremus,
793 1557 879 1617 quom
903 1556 997 1620 prope
1021 1542 1074 1618 sil,
1101 1548 1130 1602 el
1154 1541 1234 1621 quod
1259 1544 1473 1624 cogilalionum

346 1651 517 1707 nostrarum
541 1652 570 1706 et
593 1645 825 1723 colloquiorum,
858 1662 934 1722 quae
959 1643 1116 1721 habemuS,
1147 1645 1217 1707 nihil
1248 1646 1343 1726 ipsum
1374 1647 1471 1709 lateat.

346 1749 487 1829 Aequum
518 1757 564 1811 esl
594 1749 699 1831 igilur,
730 1755 761 1810 ul
785 1766 843 1809 non
867 1749 959 1810 sirnus
983 1748 1155 1831 lranslugae
1178 1768 1194 1810 a
1219 1750 1371 1812 voluntale
1395 1753 1471 1832 ejus.

345 1855 490 1918 Homines
520 1854 625 1915 stultos
658 1861 686 1914 el
716 1855 907 1934 insipienles,
940 1853 1035 1914 elalos
1060 1859 1089 1912 el
1112 1853 1141 1912 in
1166 1855 1312 1916 sermonis
1336 1855 1382 1916 sui
1401 1858 1472 1936 jac-

346 1960 440 2022 lanlia
470 1958 653 2038 gloriantes,
686 1961 784 2039 polius
816 1975 902 2034 quern
932 1957 1045 2033 Deum,
1078 1956 1268 2020 offendamus.
1313 1959 1471 2021 Dominum

345 2063 453 2127 Jesum
470 2062 627 2137 Chrislurn,
653 2062 736 2140 cujus
760 2059 883 2138 sanguis
906 2077 962 2139 pro
986 2059 1072 2119 nobis
1096 2058 1180 2120 dolus
1204 2068 1258 2138 esl,
1283 2081 1471 2142 veneremur,

346 2165 568 2246 ²praepositos
591 2170 711 2224 noslros
735 2180 945 2238 revereamur,
962 2162 1114 2223 ‘seniores
1138 2169 1257 2226 noslros
1281 2165 1471 2245 honoremus,

342 2273 479 2353 juvenes
502 2269 531 2329 in
556 2266 708 2347 disciplina
740 2267 852 2328 timoris
876 2265 930 2326 Dei
962 2264 1148 2343 erudiamus,
1181 2263 1320 2330 ³ux0res
1353 2278 1471 2333 nostras

346 2372 386 2436 ad
412 2371 459 2451 id,
484 2370 562 2451 quod
586 2372 694 2432 bonurn
719 2377 780 2447 esi,
814 2369 984 2450 dirigamus.
1031 2368 1181 2447 &nabiles
1206 2371 1346 2432 cislilalis
1371 2390 1471 2434 mores

348 2468 531 2554 ostendant,
555 2494 657 2555 puram
689 2483 717 2536 el
748 2476 894 2536 sinceram
926 2473 1158 2540 mansuetudinis
1189 2491 1263 2535 suae
1293 2475 1472 2541 volunlatem

348 2581 564 2656 demonstrent,
589 2580 804 2660 linguaesuae
829 2578 1064 2641 moderationem
1088 2576 1191 2641 ⁴voce
1215 2579 1398 2640 manifestam
1422 2580 1471 2642 la-

348 2685 446 2762 cianl,
477 2683 645 2745 charitalem
676 2701 757 2744 suarn
790 2679 882 2743 ⁵sine
912 2699 1109 2762 personarum
1138 2674 1313 2763 acceptione
1337 2683 1472 2745 omuibus

347 2788 445 2850 Deum
468 2794 572 2849 sancte
594 2787 764 2848 limeulibus
788 2786 940 2866 aequalem
965 2786 1132 2849 exhibeant.
1171 2786 1270 2856 Liberi
1290 2789 1383 2848 vestri
1407 2786 1472 2848 dis·
1517 2780 1519 2783 ’

347 2892 476 2973 eipllnae
499 2893 605 2954 Chrisli
628 2893 786 2972 participes
810 2894 884 2964 sinl;
909 2892 1037 2968 discant,
1062 2897 1202 2972 quantum
1223 2890 1369 2952 humililes
1392 2889 1471 2971 apud

347 2996 445 3059 Deum
469 2987 583 3074 valeat,
615 2996 684 3076 quid
708 3003 788 3057 cosla
812 2996 938 3059 charilas
963 2997 1039 3078 apud
1064 2997 1156 3058 Deum
1180 2997 1291 3076 possil,
1324 2995 1471 3076 quemad-

347 3100 468 3164 modum
491 3101 578 3163 lirnor
602 3103 667 3184 ejus
691 3103 786 3163 bonus
810 3109 856 3164 esl
883 3108 912 3162 el
943 3118 1085 3183 maguus,
1115 3116 1241 3162 servans
1265 3118 1386 3178 ornnes,
1421 3102 1471 3180 qui

346 3207 379 3268 in
402 3206 468 3285 ipso
493 3212 595 3266 sancte
619 3212 776 3267 versantur
794 3208 822 3267 in
840 3213 1036 3287 puramente.
1071 3202 1148 3268 ⁶Esl
1164 3206 1242 3269 enirn
1259 3205 1470 3287 aegilalionurn

347 3317 379 3373 et
403 3309 595 3371 consiliorum
617 3310 722 3371 mentis
746 3317 910 3388 scrutator,
935 3312 1020 3392 eujus
1044 3311 1163 3390 spiritus
1187 3316 1232 3372 esl
1256 3310 1284 3371 in
1309 3309 1395 3372 nobis
1403 3329 1412 3385 3
1442 3314 1471 3370 et

348 3433 440 3498 quurn
464 3414 602 3492 voluerii,
628 3407 767 3477 ⁷auferet
792 3433 866 3475 eum.

349 3683 375 3727 el
394 3690 470 3742 supra
489 3691 510 3724 c.
531 3674 554 3725 l.
579 3689 605 3739 p.
624 3672 665 3724 54.
685 3673 742 3724 Not.
762 3674 785 3724 2.
823 3672 895 3725 Ube-
924 3672 1082 3724 mullitudine
1110 3673 1252 3724 boicarum
1280 3669 1469 3738 intelligendam

348 3765 400 3815 rius
433 3761 465 3812 de
493 3760 541 3811 hae
568 3774 597 3809 re
628 3757 764 3826 dispulerit
789 3763 894 3813 Thoen·
924 3776 991 3811 esse.

347 3853 444 3903 nissen
474 3848 551 3913 (zwei
577 3845 646 3896 hieu
662 3845 741 3897 theol.
770 3843 893 3896 Abhand-
958 3844 986 3909 3)
1012 3843 1105 3896 Similia
1130 3851 1216 3895 monet
1240 3847 1409 3912 polycarpus
1437 3838 1469 3889 ad

346 3936 457 4003 langen,
476 3932 548 3984 Trier
567 3930 663 3998 1841),
686 3946 806 3983 monens:
832 3951 894 3994 προ·
923 3930 986 3983 Phil.
1007 3947 1027 3982 e.
1047 3930 1071 3980 4.

345 4014 643 4090 η’γουμένουςείςηίίὶοαῐε
653 4024 814 4085 praesentem
825 4020 894 4086 Epi·
958 4019 987 4081 4)
1006 4018 1078 4082 Σιγῆς
1095 4012 1175 4067 Clam.
1194 4015 1266 4066 Alex.

346 4125 462 4178 scopum
481 4105 665 4158 Corinthiorum
687 4111 713 4154 et
733 4118 896 4155 successores
958 4104 986 4166 5)
1005 4101 1056 4153 Cir.
1076 4101 1162 4153 lTiru.
1182 4102 1208 4166 5,
1227 4102 1270 4154 21.

346 4195 419 4262 ejus,
445 4209 537 4246 vocem
561 4192 731 4257 πρεσβυτέρους
755 4197 838 4240 autem
864 4190 896 4241 de
958 4189 988 4257 6)
1007 4187 1058 4240 Clr.
1077 4187 1155 4239 Hebr.
1175 4189 1199 4251 4,
1221 4188 1260 4239 12.

347 4281 459 4351 collegio
492 4277 741 4348 Preebylererum,
765 4277 828 4332 νέους
863 4262 895 4325 de
959 4269 1372 4340 7)lu1)iv1s.;dre‘iaworr.
1403 4330 1407 4335 ι

1466 4514 1576 4662 '1
