3659 5209
682 513 875 567 nnatnnltttt
894 514 920 567 S.
940 514 1071 568 tonant.
1091 515 1131 568 Vl.
1150 516 1202 568 llll.
1439 525 1501 587 255

351 671 460 738 ⁴illico
499 675 592 736 sancti
630 676 765 756 martyris
798 675 902 758 Ignatii
939 677 1114 757 impteretur
1154 675 1376 758 'desiderium
1415 689 1502 762 prout
1601 714 1603 718 ·

371 781 521 860 scriptum
546 787 606 842 est:
639 777 854 841 ²desr'derium
870 783 952 860 justi
975 791 1022 843 est
1044 792 1220 869 occeptum
1248 790 1278 844 ut
1301 803 1407 867 nempe
1431 789 1502 849 nulli

371 885 501 955 fratrum
524 886 625 967 gravis
649 885 793 977 irerctob
811 904 930 948 suarum
948 887 1137 966 reliquiarum
1155 888 1370 965 collectionem,
1394 909 1500 969 qucrn-

329 1018 333 1055 ι
371 989 535 1060 admodum
569 990 649 1070 prius
681 991 710 1052 in
742 991 864 1070 epistola
898 998 1067 1071 optaverat,
1104 1012 1186 1053 snam
1222 996 1499 1058 consummationem

329 1124 339 1163 r
366 1095 451 1158 fieri.
499 1095 587 1158 Solae
619 1096 696 1156 enim
728 1095 865 1158 duriores
897 1105 1064 1159 sanctarum
1097 1098 1367 1178 cjusreliquiarum
1401 1105 1500 1178 partes

329 1230 343 1272 ι
369 1202 499 1263 relictae
523 1206 552 1261 et
574 1200 761 1262 Antiochiam
784 1201 1001 1280 ablataesunt,
1026 1210 1115 1288 atque
1140 1204 1169 1264 in
1194 1200 1312 1264 ³lioteo
1336 1202 1499 1283 depositae,

329 1336 346 1377 ι
369 1312 408 1369 ut
431 1305 589 1367 thesaurus
612 1297 844 1380 inaestimabilis,¹
867 1307 905 1369 ob
926 1312 1063 1389 martyris
1079 1308 1201 1388 gratiam
1218 1314 1337 1370 sanctae
1354 1307 1500 1372 ecclesiae
1568 1367 1570 1371 .

329 1444 346 1489 ι
369 1411 498 1474 relictae
515 1406 536 1470 ⁴.

329 1641 343 1681 ι
523 1604 582 1666 Vll.
611 1567 771 1693 ¹lpnotius
793 1610 934 1666 mortuus
957 1566 1090 1685 adporet
1112 1606 1346 1697 dormientibus.

329 1765 347 1801 ,4
464 1727 660 1809 Contigerant
683 1742 756 1787 vcro
780 1724 855 1788 haec
878 1747 903 1787 a.
929 1727 957 1788 d.
981 1727 1045 1789 Xlll
1070 1728 1214 1790 Calendas
1237 1727 1410 1804 lanuarias,
1441 1727 1499 1805 hoe

333 1850 345 1912 p
372 1840 439 1911 est,
471 1833 644 1894 Decembris
675 1831 834 1913 vigesima,
867 1832 1043 1895 Consulibus
1075 1835 1152 1913 apud
1184 1827 1334 1896 Romanos
1366 1829 1499 1893 ⁵iterom

329 1939 450 2037 ‚Sura
482 1945 512 1999 et
544 1937 719 2000 Senecione.
766 1937 877 1997 Horum
912 1955 967 1998 nos
998 1938 1054 2016 ipsi
1084 1944 1268 2017 spectatores
1292 1939 1377 2016 iacti,
1408 1956 1497 2016 qurum

329 2043 566 2125 pinlacrymis
591 2047 679 2124 totam
704 2048 822 2102 noctem
846 2041 1063 2120 exegisscmus,
1088 2047 1116 2102 ct
1139 2043 1266 2124 genibus
1281 2041 1369 2103 flexis
1388 2042 1498 2103 multa-

342 2164 433 2228 rque
467 2146 602 2217 oratione
635 2146 807 2221 Dominum,
830 2134 877 2205 'ut
905 2162 960 2206 nos
993 2145 1124 2208 infirmos
1155 2146 1193 2208 de
1224 2147 1277 2223 iis,
1300 2164 1388 2227 ,quae
1421 2146 1497 2207 lacta

329 2300 343 2339 ,Ι
364 2251 508 2333 deerant,
532 2244 660 2312 ⁶certos
685 2248 813 2326 laceret,
837 2267 973 2326 essemus
996 2251 1127 2331 precati,
1152 2264 1187 2312 ac
1210 2250 1357 2330 paululum
1382 2249 1497 2311 obdor-

329 2355 548 2445 imissemus3
587 2356 636 2416 alii
669 2354 765 2439 statim
801 2352 964 2415 adstantem
998 2374 1064 2438 eum
1086 2338 1215 2435 nosque
1253 2354 1496 2433 complectentem

329 2495 347 2553 ἦ
371 2460 514 2540 vidimus,
545 2461 593 2522 alii
625 2460 744 2539 rursus,
760 2477 814 2540 pro
838 2461 924 2520 noltis
950 2465 1082 2521 orantem
1112 2461 1228 2520 beatum
1251 2458 1393 2539 lgnotiom
1418 2475 1496 2518 con-

329 2554 343 2668 3'
365 2567 544 2648 -speximus,
576 2565 720 2637 aliipvero
744 2563 854 2626 sudore
877 2565 1054 2645 stillantem,
1081 2573 1218 2646 tanquam
1241 2584 1257 2627 a
1282 2562 1371 2625 multo
1392 2563 1496 2624 labore

329 2700 341 2783 ,-
372 2672 591 2748 advenientem
609 2676 703 2750 atque
727 2669 890 2732 adstantem
913 2670 1049 2734 Domino.
1095 2671 1191 2744 Ouum
1215 2686 1291 2750 ergo
1313 2668 1405 2729 multo
1429 2685 1495 2728 cum

329 2806 344 2871 p
372 2777 484 2860 gaudio
508 2777 562 2837 ista
585 2773 771 2851 vidissemus,
796 2783 826 2836 et
848 2778 1030 2858 somniorum
1054 2778 1119 2838 visa
1138 2774 1377 2850 contulissemus,
1400 2772 1495 2833 Deum

329 2872 343 2977 ,‚
373 2885 508 2948 datorem
527 2885 683 2955 ¹bonorum
712 2881 910 2962 laudavimus,
941 2892 1073 2955 sanctum
1106 2883 1214 2943 virum.
1232 2881 1349 2941 beatum
1373 2874 1495 2958 praedi-

329 3035 342 3097 ,
372 2991 521 3066 oavnnus',
555 2989 640 3057 vobis
671 2996 700 3050 et
731 2988 807 3050 diem
838 2996 867 3052 et
898 2997 1013 3070 tempus
1045 2989 1264 3080 significamus,
1294 2990 1332 3067 ut
1362 2990 1496 3063 tempore

330 3142 341 3185 ,
372 3095 504 3178 martyrii
529 3095 594 3175 ejus
620 3085 863 3167 ⁷convenientes
888 3095 1125 3157 communionem
1150 3096 1281 3185 nostram
1305 3087 1496 3150 testificemur

329 3248 340 3293 ‚
371 3219 438 3263 cum
462 3198 570 3275 athleta
593 3203 622 3259 et
644 3217 797 3280 generoso
822 3207 952 3282 martyre
975 3199 1101 3276 Christi,
1134 3197 1185 3277 qui
1221 3194 1406 3285 conculcavit
1428 3192 1495 3254 dia-

329 3338 341 3414 }
371 3306 472 3368 bolum
496 3309 524 3365 et
548 3301 688 3364 desiderii
711 3305 775 3383 sui,
799 3323 964 3367 err-amore
988 3303 1094 3365 Christi
1117 3300 1261 3382 proiecti,
1294 3317 1413 3361 cursum
1437 3318 1495 3360 ex-

332 3434 339 3497 ]
370 3412 480 3493 plevit,
503 3409 532 3473 in
556 3407 673 3469 Christo
695 3406 783 3482 lesu,
807 3409 935 3472 Domino
958 3417 1077 3488 nostro,
1103 3423 1269 3489 perquem
1293 3411 1411 3466 etcum
1435 3420 1494 3483 quo

329 3544 337 3604 p
368 3514 447 3578 Patri
470 3513 508 3576 sit
531 3512 625 3594 gloria
644 3517 672 3572 et
687 3514 900 3594 potentiacum
917 3513 1025 3595 Spiritu
1041 3519 1155 3589 saneto,
1179 3510 1208 3571 in
1226 3509 1343 3572 secula.
1381 3505 1493 3611 rimenl

329 3664 334 3703 ¹
369 3667 418 3732 99,
440 3667 504 3732 102,
525 3657 590 3730 107'3
615 3669 689 3720 Sura
712 3666 849 3730 nnnis98,
870 3667 919 3717 102
982 3668 1011 3734 6)
1030 3665 1048 3717 l.
1071 3681 1094 3715 e.
1118 3672 1146 3715 ut
1169 3679 1216 3714 nos
1240 3662 1364 3714 certiores
1387 3659 1494 3724 iaceret,

329 3794 331 3807 ,
369 3763 396 3808 et
424 3754 482 3806 107.
518 3753 592 3805 Anno
621 3754 697 3820 igitur
726 3753 774 3802 107
802 3753 920 3804 consules
947 3751 1107 3820 numlguatii
1126 3751 1269 3815 martyrium
1285 3748 1341 3800 Deo
1361 3756 1429 3800 esset
1447 3763 1493 3798 ac·

369 3849 442 3892 erant
460 3839 530 3891 -Sura
555 3838 596 3891 lll.
624 3844 650 3895 el
676 3838 786 3892 Senecio
811 3839 852 3890 lv.
891 3839 918 3891 ln
946 3847 1054 3907 ceptum.
1086 3842 1222 3890 Clemens.
1266 3824 1270 3857 3

367 3927 497 3995 prioribus
516 3925 668 3977 editionibus
691 3925 860 3991 conjecimus,
889 3923 919 3974 τὸ
980 3927 1009 3992 7)
1030 3924 1048 3976 l.
1068 3932 1136 3987 ent
1154 3918 1190 3970 roi.
1203 3922 1314 3989 predatur
1330 3902 1410 3972 sericti
1425 3934 1492 3969 mar·

366 4012 482 4078 δεύτερον
507 4020 595 4063 notare
620 4011 686 4073 illum
712 4029 803 4064 annom
830 4012 917 4078 (107),
946 4013 1007 4078 tyris
1020 4011 1187 4063 celebremus.
1211 4005 1492 4072 EoChrysostomiad-

364 4117 419 4170 quo
450 4103 523 4153 uento
555 4099 693 4163 candirecti
721 4098 838 4150 secunda·
861 4101 918 4150 vice
946 4099 993 4148 huc
1019 4095 1175 4164 temporibus
1202 4109 1259 4144 esse
1286 4092 1430 4159 celebrata,
1461 4107 1493 4141 ex

366 4185 488 4239 consules
507 4192 586 4236 erant.
618 4183 667 4236 cn.
686 4189 760 4255 Papi,
782 4182 873 4242 Celtica
892 4185 917 4234 in
944 4200 1061 4236 sermone
1075 4169 1136 4246 ‘ejus
1160 4181 1184 4230 in
1203 4178 1228 4230 S.
1246 4177 1369 4245 leontium
1390 4177 1491 4245 perspi·

363 4272 479 4343 Muales
497 4269 608 4337 Baronii,
633 4272 665 4323 ad
686 4288 744 4324 anu.
765 4271 824 4322 102.
847 4286 872 4322 n.
894 4268 915 4320 1.
945 4271 1031 4334 cimus.
1079 4267 1144 4319 Vide
1174 4264 1310 4334 Clurpaost.
1348 4263 1412 4332 Opp.
1448 4262 1490 4313 ed.

365 4367 394 4415 at
413 4357 473 4413 107.
490 4372 516 4415 e
537 4342 578 4409 c‘
825 4404 827 4409 ,
944 4355 1030 4408 nonu.
1050 4354 1077 4407 r.
1096 4354 1127 4410 n.
1145 4370 1171 4423 p.
1191 4352 1243 4406 ooo
1259 4367 1314 4420 sqq.

827 4485 1032 4494 ---..-...--—
