3659 5209
633 394 652 448 t
671 391 855 447 anundus
872 392 919 446 nt>
938 392 1012 449 COR.
1031 395 1106 448 XVll.
1125 396 1210 450 xvtlt.
1371 443 1373 449 .
1441 403 1484 469 '19

340 553 489 639 pellibus
513 553 671 617 adrentum
694 552 801 616 Christi
824 554 1031 637 praedicantes
1054 558 1272 638 circumierunt,
1292 559 1388 623 liliam
1406 561 1483 625 dici-

353 675 425 720 mus
450 664 481 720 ct
507 656 677 743 ¹Elisaeurp
701 663 731 720 ct
753 658 941 722 Ezechielem
967 662 1150 743 prophetas3
1181 669 1224 725 et
1241 680 1307 726 curn
1336 665 1382 729 his
1416 684 1480 747 eos,

289 764 295 821 '.
354 764 409 844 qui
433 764 464 825 in
480 763 630 844 Scriptura
646 763 830 845 praeclarum
847 765 1047 828 testimonium
1071 770 1225 830 consecuti
1248 777 1325 832 sunt.
1371 771 1482 854 Magno

290 866 303 917 l
344 868 531 938 ‚testimonio
555 873 677 930 ornatus
701 873 747 928 est
763 866 923 948 Abraham,
948 875 978 931 et
993 870 1048 932 liei
1073 868 1209 934 ²anricus
1233 873 1396 953 appellatus
1419 884 1482 954 est3

289 992 303 1053 p
353 980 386 1035 et
417 975 498 1053 ipse,
529 973 655 1054 gloriam
685 968 741 1033 Dei
774 971 886 1034 intente
916 975 1099 1054 respiciens,
1137 978 1166 1037 in
1197 977 1359 1040 humilitate
1389 978 1479 1042 dixit:

355 1072 450 1156 ³epo
480 1084 580 1138 autem
610 1096 679 1138 sum
711 1083 806 1138 terro·
828 1085 859 1137 ct
889 1078 978 1140 ciuis.
1031 1079 1190 1142 Praeterea
1223 1087 1252 1142 ct
1282 1081 1320 1143 de
1349 1081 1406 1144 lob
1438 1084 1482 1146 sic

353 1183 497 1262 scripturn
521 1187 585 1244 est:
610 1176 696 1243 ⁴Job
711 1184 895 1261 erutjustus
920 1190 951 1243 ct
970 1183 1039 1244 siue
1063 1184 1207 1261 crimine,
1232 1204 1352 1263 cerac,
1376 1188 1482 1250 colens

289 1296 301 1347 ἰ
351 1286 465 1361 Deum,
491 1285 652 1346 abstinens
675 1285 713 1346 alr
737 1287 820 1347 omui
842 1286 934 1350 molo.
973 1286 1031 1350 Sed
1054 1305 1088 1350 se
1111 1290 1206 1369 ipsum
1226 1308 1370 1352 accusans
1391 1291 1481 1354 dixit:

289 1390 297 1476 i
345 1388 470 1452 >inemo
492 1391 626 1452 muudus
650 1409 670 1452 a
691 1391 796 1467 eorde,
820 1392 877 1453 cisi
900 1393 996 1453 unius
1019 1393 1082 1454 diei
1100 1393 1142 1454 sit
1156 1393 1223 1455 citu
1239 1396 1317 1472 ejus.
1354 1391 1482 1458 §Moses

291 1538 296 1557 2
353 1478 385 1555 in
408 1499 470 1556 tota
493 1494 550 1556 Dei
573 1494 662 1558 domo
685 1494 781 1557 tidelis
805 1495 967 1577 appellatus
991 1503 1045 1576 est,
1068 1503 1100 1559 et
1122 1516 1176 1578 per
1198 1499 1263 1580 ejus
1287 1499 1481 1563 ministerium

291 1632 294 1641 ·
352 1598 437 1660 Deus
470 1591 666 1681 ⁷Aogyptum
695 1599 840 1682 judicavit
869 1601 966 1684 plagis
999 1607 1029 1663 et
1059 1603 1275 1685 uexationibus.
1329 1603 1388 1667 Sed
1420 1604 1480 1683 illa,

351 1703 472 1765 honore
496 1721 603 1786 magno
627 1703 766 1782 allectus,
798 1704 923 1786 grandia
946 1724 1006 1768 non
1030 1713 1075 1768 est
1097 1707 1231 1785 locutus,
1263 1707 1318 1770 sed
1347 1727 1413 1771 curn
1440 1727 1480 1772 ex

350 1809 431 1871 rubo
455 1809 606 1871 oraculum
629 1809 758 1871 divinum
782 1809 811 1869 ei
834 1803 995 1886 ⁸daretur,
1020 1808 1110 1871 dixit:
1140 1805 1236 1889 ⁹puie
1258 1831 1325 1874 actm
1349 1833 1421 1892 epo,
1444 1819 1481 1874 ut

349 1930 399 1973 mc
429 1913 560 1974 mitius?
608 1912 730 1972 Gracili
758 1929 834 1972 occe
864 1920 895 1972 et
925 1912 1020 1972 turdo
1050 1911 1159 1992 liupuu
1187 1933 1262 1976 sum.
1308 1914 1344 1976 Et
1370 1933 1477 1979 rursus

349 2017 444 2080 dicit:
475 2011 499 2051 ¹⁰
510 2035 565 2094 epo
590 2022 691 2077 autem
711 2033 779 2077 mern
804 2015 887 2076 olloc
907 2033 1019 2093 uapor.

582 2311 682 2373 XVlll.
726 2312 833 2374 Dauid
856 2311 1029 2390 exemplum
1050 2312 1245 2374 tuncilitotis.

441 2433 518 2506 Quid
541 2439 637 2495 auteur
660 2434 697 2496 da
723 2433 835 2513 David,
867 2434 918 2514 qui
940 2434 1095 2516 egregium
1119 2432 1315 2495 testinnonium
1340 2433 1473 2513 obtinuit,

349 2537 511 2599 dicemus?
548 2537 595 2599 Ad
611 2558 706 2619 ⁸quern
728 2540 868 2619 loquutus
892 2545 938 2600 est
960 2538 1058 2600 Deus:
1085 2534 1108 2574 ¹¹
1121 2538 1227 2599 iuveni
1248 2537 1400 2599 homiuem
1421 2558 1473 2601 sc·

350 2642 487 2705 mudum
512 2661 565 2704 cor
588 2662 696 2720 meum,
719 2644 837 2720 Dauid,
860 2644 949 2706 desse
970 2644 1086 2721 (ilium3
1108 2644 1141 2704 iu
1155 2642 1378 2704 misericordia
1391 2663 1473 2705 sem·

346 2750 475 2825 pitcrua
498 2749 579 2808 unci
603 2767 677 2809 euin.
719 2749 810 2829 Atqui
832 2748 882 2810 ille
905 2750 992 2810 etiarn
1015 2747 1085 2809 dicit
1099 2746 1136 2810 ad
1154 2747 1264 2809 Deum:
1289 2744 1473 2809 ¹²miserere

347 2852 428 2927 mei,
459 2851 563 2928 Deus,
594 2854 763 2916 secuudum
792 2872 936 2933 mcpnum
965 2852 1213 2914 misericordium
1235 2859 1337 2923 tuam,·
1369 2860 1399 2913 et
1419 2857 1472 2918 eu·'

349 2956 488 3016 cundum
515 2957 748 3019 multitudinem.
767 2957 1001 3020 miserationum
1029 2964 1152 3018 morum
1181 2955 1250 3017 dcte
1279 2956 1473 3035 iniquitatem

347 3078 458 3121 meam.
503 3059 646 3139 Amplius
673 3063 749 3124 luco
776 3082 822 3124 me
853 3062 892 3123 alr
922 3062 1089 3141 iniquitate
1119 3081 1203 3139 meu,
1236 3070 1266 3123 ct
1294 3082 1315 3123 a
1340 3069 1480 3140 peccato·
1593 3082 1596 3092 ·

347 3185 418 3227 mco
448 3167 565 3227 mundo
593 3185 658 3240 me,·
689 3168 838 3247 quoniam
868 3167 1064 3246 iniquitatem
1092 3185 1190 3229 mcum
1218 3185 1274 3247 epo
1305 3186 1471 3247 copucsco,

349 3278 380 3331 ct
399 3278 560 3348 peccatum
585 3289 683 3333 mcum
706 3289 812 3332 corum
833 3290 880 3333 me
902 3278 949 3333 cst
968 3289 1119 3349 semper.v
1146 3269 1212 3331 Tibi
1242 3272 1302 3333 soli
1329 3270 1470 3352 peccaui,

349 3384 380 3437 cl
409 3377 522 3438 mulum
552 3395 658 3438 corum
688 3383 716 3436 tc
742 3374 824 3452 feci,
855 3383 890 3436 ut
912 3375 1100 3454 justificeris
1122 3374 1156 3435 in
1178 3374 1375 3437 sermonibus
1397 3375 1469 3452 tuis,

348 3487 380 3541 ct
400 3481 528 3556 uinces,
561 3499 628 3541 cum
646 3480 818 3558 judicaris.
863 3479 944 3550 Ecce
968 3481 1064 3556 cuim,
1096 3480 1130 3540 in
1152 3477 1369 3558 iniquitatibus
1392 3498 1470 3542 con·

349 3592 458 3663 ceptus
486 3604 553 3647 sum
561 3632 571 3662 ‚
602 3592 631 3645 et
659 3585 693 3645 iu
718 3585 861 3663 peccatis
890 3586 1034 3662 concepit
1063 3602 1111 3645 me
1140 3590 1239 3644 muter
1267 3601 1342 3644 mem
1388 3583 1470 3644 Ecce

348 3690 448 3766 enim,
476 3691 636 3752 ueritatem
657 3689 808 3751 dilccisti.
853 3689 980 3750 Incerta
1002 3695 1032 3749 ct
1054 3689 1177 3750 occultu
1198 3688 1375 3766 supientiae
1398 3695 1470 3747 tuce

346 3880 490 3947 respexisse
517 3887 712 3948 putant„quas
739 3881 765 3929 in
792 3875 909 3929 deserto²
958 3876 987 3945 9)
1005 3875 1087 3929 Exod.
1106 3877 1131 3941 3,
1153 3877 1193 3929 11.
1218 3877 1244 3940 4,
1266 3876 1306 3926 10.

346 3968 482 4019 subierunt
504 3965 647 4029 israelitae,
674 3973 778 4032 propter
799 3963 894 4016 inobe·
943 3964 987 4033 10)
1006 3963 1124 4015 Fortasse
1144 3980 1175 4015 ex
1193 3961 1258 4014 libro
1277 3953 1432 4026 apocrypho.

346 4054 470 4105 dientiam
500 4067 562 4120 erga
593 4051 695 4103 llloaem.
740 4051 822 4098 Λῦσαι
851 4046 896 4098 τόν
940 4048 984 4116 11)
1004 4048 1048 4111 Pe,
1063 4051 1106 4114 88,
1125 4049 1166 4100 2¹.
1202 4047 1259 4100 Act.
1278 4047 1319 4111 13,
1339 4043 1381 4096 22.

346 4137 434 4209 Ἰσραήλ
452 4144 585 4191 Gnuuunu.
941 4139 985 4203 12)
1004 4136 1044 4189 Pr.
1064 4136 1108 4202 50,
1126 4133 1219 4188 3-19.

380 4227 410 4293 8)
420 4227 458 4281 lta
468 4225 634 4281 Jacobaonua.
655 4222 892 4304 Aedops'rovworr.
970 4223 973 4229 '
