3659 5209
439 580 462 645 4
759 571 939 627 amussis
957 571 1121 626 srrsrocs.
1151 572 1242 627 um.
1356 559 1359 564 '
1410 560 1414 564 '

440 736 621 800 adtuleritis
643 735 717 799 milri
741 735 965 815 similaginem,
996 754 1127 808 aarum
1162 733 1472 813 ¹supplicamentum
1496 752 1564 795 eue-

440 842 541 906 oratio
563 841 637 903 mili
660 847 713 902 est.
759 838 975 903 ²Neomcuius
1005 847 1128 901 oestrus
1159 848 1189 901 et
1216 839 1294 900 diem
1323 855 1479 917 maganum
1510 857 1564 899 nos

321 956 326 963 ‘
438 947 596 1020 sustiue03
612 946 771 1026 jejunium
794 943 948 1021 elferius
971 952 1000 1006 et
1022 945 1090 1005 dies
1111 942 1210 1020 sectos
1232 950 1354 1004 cestros
1379 942 1451 1004 odit
1467 942 1564 1004 animo

437 1071 512 1115 mea.
557 1052 637 1113 Haec
661 1068 737 1157 erqo
761 1067 853 1112 vacua
877 1047 965 1126 iecit,
995 1053 1027 1109 ut
1050 1066 1125 1110 nova
1149 1049 1199 1108 lex
1223 1047 1340 1109 Domini
1372 1046 1475 1108 nostri
1500 1046 1562 1108 lesu

437 1156 553 1234 Christi,
577 1174 653 1236 quae
677 1155 742 1217 sine
768 1149 781 1190 ³
788 1154 865 1236 jugo
888 1152 1075 1215 necessitatis
1098 1159 1154 1229 est,
1178 1150 1359 1213 ¹lmmanam
1381 1151 1499 1212 habeat
1514 1151 1561 1212 oir-

334 1268 338 1273 ’
433 1259 582 1321 lationem.
620 1258 698 1321 Dicit
719 1257 862 1319 Dominus
885 1258 990 1318 iterum
1014 1256 1050 1318 ad
1074 1256 1156 1317 illos:
1182 1253 1364 1334 ⁵Numquid
1390 1275 1451 1335 eqo
1470 1275 1560 1336 ¹prae·

435 1364 502 1443 cepi
523 1362 708 1441 pareatibus
730 1361 863 1435 cestris,
896 1379 963 1420 cum
982 1362 1139 1422 exierunt
1168 1361 1206 1422 de
1237 1368 1324 1421 terra
1346 1359 1509 1442 Aeyypti,
1535 1367 1560 1423 st

433 1465 580 1546 offerrent
600 1465 673 1525 milri
697 1465 816 1526 iastius
841 1473 870 1525 et
892 1465 1060 1527 uictimas?
1097 1464 1159 1525 Sed
1181 1466 1240 1526 loc
1261 1465 1412 1543 praecepi
1434 1466 1504 1527 illis
1518 1466 1558 1526 di·

433 1589 526 1632 ceus:
555 1565 794 1648 ⁶uuusquisque
816 1576 952 1630 oestrum
976 1570 1128 1632 aduersus
1148 1570 1329 1646 prouimurn
1360 1589 1428 1631 aaa
1456 1571 1558 1634 lubeat

432 1675 593 1751 malitiam,
615 1675 864 1752 etjuramer'stum
882 1667 1047 1734 ¹ruerulum
1063 1693 1126 1736 raon
1142 1669 1255 1734 ⁸amet.
1294 1673 1476 1755 Intelligere
1493 1692 1556 1757 erqo

433 1777 593 1855 debemus,
629 1791 694 1839 cum
718 1795 778 1840 non
802 1779 893 1840 simus
917 1778 983 1838 sinc
1006 1779 1166 1856 intellectu,
1190 1777 1344 1840 consilium
1370 1778 1555 1862 benignitatis

432 1882 522 1962 petris
545 1881 657 1956 uostri;
691 1882 758 1962 quie
789 1882 875 1944 nobis
907 1880 994 1960 dicit,
1028 1882 1131 1944 volens
1156 1901 1210 1944 nos
1235 1876 1402 1943 ⁹similiter
1428 1890 1554 1945 errantes

431 2003 589 2066 quaerere,
612 1986 859 2066 quemadmodum
883 1986 919 2047 ad
943 1987 1022 2048 illum
1042 1987 1225 2050 accedamus.
1264 1986 1359 2047 Nobis
1377 1987 1462 2049 enim
1480 1987 1553 2049 dicit:

435 2080 459 2126 ¹⁰
470 2090 666 2169 Sacrificium
681 2092 749 2154 Deo
774 2112 839 2171 car
850 2092 1103 2168 contribulatum,
1128 2097 1158 2152 et
1178 2091 1377 2152 humiliatum
1394 2092 1489 2156 Deus
1503 2111 1552 2155 uos

430 2196 570 2274 despicit.
617 2195 733 2258 certius
763 2214 838 2278 ergo
868 2195 1021 2276 inquirere
1044 2195 1204 2274 debemus,
1236 2195 1379 2276 iratres„
1396 2198 1439 2260 de
1463 2205 1552 2262 nostro

431 2300 537 2378 salute,
560 2306 591 2362 ut
614 2302 794 2383 nequando
821 2299 844 2337 ¹¹
861 2300 969 2362 hebeat
991 2300 1139 2361 introitum
1163 2301 1190 2360 in
1216 2300 1318 2379 nobis,
1346 2309 1378 2363 et
1406 2300 1432 2340 ¹²
1450 2309 1552 2366 avertat

430 2422 486 2468 nos
510 2423 526 2466 u
551 2406 609 2467 vita
632 2411 742 2468 nostra.

461 2593 505 2658 ΙΙΙ.
551 2596 681 2675 lejuuia
704 2597 896 2658 ludaeorum
919 2613 982 2655 aaa
1005 2604 1077 2657 suut
1099 2614 1186 2674 uera,
1211 2617 1267 2659 nec
1289 2599 1360 2662 Deo
1385 2612 1526 2682 accepta.

412 2703 414 2706 ’
515 2717 592 2780 Dicit
616 2737 690 2800 ergo
707 2719 815 2779 iterum
833 2715 871 2777 de
887 2715 933 2777 his
949 2716 985 2777 ad
1003 2717 1087 2779 illos:
1114 2716 1141 2756 ¹³
1155 2719 1192 2780 llt
1207 2721 1283 2799 quid
1299 2717 1379 2783 milri
1385 2725 1551 2803 jejunatis,

428 2831 464 2883 ut
484 2822 580 2884 laodic
602 2822 752 2884 audiatur
773 2841 838 2884 aaa
860 2828 968 2882 cestra
990 2823 1024 2881 ia
1045 2823 1206 2886 clamore?
1243 2824 1314 2887 Nou
1330 2829 1393 2888 tale
1402 2832 1552 2910 jejunium

428 2926 516 3006 claui,
533 2926 612 2987 dicit
626 2927 787 3014 Dominus,
810 2934 845 2986 ut
859 2927 930 3005 quis
945 2927 1086 2988 humiliet
1101 2929 1237 2990 auiucam
1252 2949 1342 2992 suam
1359 2933 1434 2995 siae
1453 2954 1550 2998 causa.

427 3029 534 3109 Neque
556 3031 584 3091 si
605 3029 789 3092 curvaveris
813 3031 905 3109 quasi
929 3032 1079 3093 circulum
1103 3035 1214 3095 collum
1238 3043 1343 3111 tuum,
1378 3048 1412 3100 et
1436 3060 1553 3104 saccum

428 3143 457 3196 te
479 3135 734 3212 circumdederis,
758 3143 788 3197 et
811 3136 945 3197 cicerem
967 3139 1118 3199 straveris
1126 3159 1137 3212 ;
1160 3158 1217 3200 uec
1239 3140 1286 3201 sic
1310 3141 1492 3208 celebrabis
1507 3147 1551 3224 je-

375 3327 380 3334 *
421 3239 549 3319 junium
568 3226 734 3317 acceptum.
772 3239 819 3302 Ad
837 3258 892 3303 nos
909 3247 1006 3304 autem
1022 3243 1066 3304 sic
1082 3243 1167 3306 dicit:
1194 3239 1220 3281 ¹¹
1234 3244 1308 3308 Cum
1317 3248 1550 3327 jejunaveritis,

987 3471 990 3567 Ι
1036 3453 1065 3518 9)
1083 3450 1102 3503 1.
1113 3468 1137 3502 e.
1152 3470 1211 3517 uos,
1225 3455 1254 3506 irs
1266 3456 1442 3510 Jrsrlaeorum
1455 3474 1551 3532 errores

987 3542 1132 3636 qleluw‘r
1144 3541 1252 3592 sulcare
1261 3543 1383 3609 cupiens,
1396 3547 1551 3599 amassia

512 3615 563 3669 cfr.
582 3616 663 3670 Galat.
684 3620 715 3684 5,
737 3621 758 3672 1.
987 3628 1128 3687 calenda,
1156 3628 1372 3693 quemadmodum
1405 3634 1443 3683 ad
1472 3634 1552 3702 ipsos

463 3701 746 3768 anemurum
773 3706 880 3761 foedere
897 3708 974 3761 homo
1001 3714 1174 3776 accedamus,
1202 3710 1279 3762 corde
1297 3711 1426 3767 videlicet
1445 3719 1551 3770 conatu

428 3804 456 3840 se
475 3791 555 3856 ipsum
574 3789 630 3843 Deo
649 3793 747 3846 offeret.
1036 3796 1082 3861 10)
1101 3796 1141 3848 Ps.
1160 3797 1209 3862 50,
1232 3797 1273 3849 19.

462 3873 491 3942 5)
509 3874 603 3928 lerem.
623 3879 647 3943 7,
667 3881 708 3932 22.
727 3880 769 3931 23.
1038 3875 1089 3950 ¹¹l·
1103 3883 1187 3951 Suppl.
1202 3887 1360 3942 contrarius
1372 3889 1550 3947 vel'suaem

462 3961 489 4024 6)
509 3960 614 4017 Zachcr.
633 3965 665 4029 8,
689 3966 728 4018 17.
1002 3976 1124 4023 Msssso.

461 4046 490 4114 7)
499 4050 684 4105 duramentum
692 4057 820 4108 mendum.
832 4052 901 4108 Cave
911 4057 975 4108 haec
1038 4058 1082 4122 12)
1102 4056 1139 4108 lta
1158 4061 1255 4113 ltlrode.
1293 4058 1346 4111 us:
1359 4075 1476 4120 evertat.
1508 4063 1549 4117 Cir.

426 4139 507 4184 mutes
527 4150 582 4185 cum
602 4135 724 4189 Menardo
747 4148 772 4189 et
792 4137 1081 4211 Osoniensibusjlgnut.
1106 4144 1137 4195 ad
1162 4143 1334 4213 liquuit:
1364 4146 1401 4212 μη·
1430 4151 1549 4220 allucio

425 4219 451 4269 in
468 4224 598 4288 incudm
621 4231 659 4291 est
679 4226 745 4275 enim
764 4227 846 4292 prisca
866 4219 915 4279 vos
934 4229 975 4280 la·
987 4199 990 4254 ¹
1001 4232 1055 4294 τίσῃ
1072 4227 1134 4295 ὑμᾶς
1150 4229 1176 4280 ἔκ
1194 4233 1238 4280 τοῦ
1255 4238 1422 4299 προκειμένου
1441 4241 1490 4303 ζῇν.

404 4362 406 4365 ,
426 4303 486 4370 lina,
504 4314 531 4357 ut
551 4306 626 4359 docet
640 4306 778 4376 Charisius,
797 4311 839 4364 lib.
856 4313 875 4365 l.
896 4317 974 4368 Ocea.
1032 4318 1083 4386 ’13)
1101 4317 1158 4370 lsai.
1177 4319 1226 4384 58,
1245 4320 1269 4371 4.
1288 4319 1314 4370 5.

459 4391 488 4460 8)
498 4391 542 4445 Dc.
553 4397 635 4448 liniet.
648 4393 814 4467 chozauu,
825 4399 867 4452 vol
875 4388 973 4458 llalea.
1037 4402 1083 4474 14)
1103 4406 1160 4459 lsai.
1179 4407 1227 4471 58,
1245 4405 1342 4460 6-10.

512 3529 563 3583 cfr.
582 3531 670 3585 lustin.
689 3533 764 3602 Apol.
783 3533 801 3585 l.
822 3551 845 3586 n.
866 3535 907 3587 37.
