<?xml version="1.0" encoding="UTF-8"?>
<!DOCTYPE html PUBLIC "-//W3C//DTD XHTML 1.0 Transitional//EN"
    "http://www.w3.org/TR/xhtml1/DTD/xhtml1-transitional.dtd">
<html xmlns="http://www.w3.org/1999/xhtml" xml:lang="en" lang="en">
 <head>
  <title>
</title>
<meta http-equiv="Content-Type" content="text/html;charset=utf-8" />
  <meta name='ocr-system' content='tesseract 3.04.00' />
  <meta name='ocr-capabilities' content='ocr_page ocr_carea ocr_par ocr_line ocrx_word'/>
</head>
<body>
  <div class='ocr_page' id='page_1' title='image "./patrumapostolic00hefegoog_0514.png"; bbox 0 0 3659 5209; ppageno 0'>
   <div class='ocr_carea' id='block_1_1' title="bbox 420 481 1388 587">
    <p class='ocr_par' dir='ltr' id='par_1_1' title="bbox 420 481 1388 587">
     <span class='ocr_line' id='line_1_1' title="bbox 420 481 1388 587; baseline -0.004 -19"><span class='ocrx_word' id='word_1_1' title='bbox 420 517 486 583; x_wconf 80' lang='lat'><strong>408</strong></span> <span class='ocrx_word' id='word_1_2' title='bbox 566 481 727 564; x_wconf 75' lang='lat' dir='ltr'><strong>&#39;mrum</strong></span> <span class='ocrx_word' id='word_1_3' title='bbox 745 507 881 564; x_wconf 75' lang='lat' dir='ltr'><strong>aaaron.</strong></span> <span class='ocrx_word' id='word_1_4' title='bbox 919 507 1016 562; x_wconf 82' lang='lat' dir='ltr'><strong>mam</strong></span> <span class='ocrx_word' id='word_1_5' title='bbox 1034 508 1075 562; x_wconf 90' lang='lat'>111.</span> <span class='ocrx_word' id='word_1_6' title='bbox 1112 508 1238 564; x_wconf 84' lang='lat' dir='ltr'><strong>sruuvv.</strong></span> <span class='ocrx_word' id='word_1_7' title='bbox 1258 509 1388 587; x_wconf 63' lang='lat' dir='ltr'><strong>vmjut.</strong></span> 
     </span>
    </p>
   </div>
   <div class='ocr_carea' id='block_1_2' title="bbox 355 668 1554 2831">
    <p class='ocr_par' dir='ltr' id='par_1_2' title="bbox 418 668 1546 853">
     <span class='ocr_line' id='line_1_2' title="bbox 418 668 1546 756; baseline 0 -18"><span class='ocrx_word' id='word_1_8' title='bbox 418 673 602 756; x_wconf 46' lang='lat' dir='ltr'><strong>«aequitatem</strong></span> <span class='ocrx_word' id='word_1_9' title='bbox 634 676 844 734; x_wconf 84' lang='lat' dir='ltr'><strong>exercuerunt.</strong></span> <span class='ocrx_word' id='word_1_10' title='bbox 889 668 990 750; x_wconf 86' lang='lat' dir='ltr'>Aliqui</span> <span class='ocrx_word' id='word_1_11' title='bbox 1019 687 1094 733; x_wconf 88' lang='lat' dir='ltr'><strong>vero</strong></span> <span class='ocrx_word' id='word_1_12' title='bbox 1125 688 1229 735; x_wconf 88' lang='lat' dir='ltr'><strong>eorum</strong></span> <span class='ocrx_word' id='word_1_13' title='bbox 1254 677 1384 737; x_wconf 82' lang='lat' dir='ltr'><strong>mortem</strong></span> <span class='ocrx_word' id='word_1_14' title='bbox 1409 673 1546 754; x_wconf 73' lang='lat' dir='ltr'><strong>obiemnt</strong></span> 
     </span>
     <span class='ocr_line' id='line_1_3' title="bbox 425 752 1545 853; baseline -0.001 -13"><span class='ocrx_word' id='word_1_15' title='bbox 425 777 526 840; x_wconf 83' lang='lat' dir='ltr'><strong>etalii</strong></span> <span class='ocrx_word' id='word_1_16' title='bbox 548 752 676 841; x_wconf 75' lang='lat' dir='ltr'><strong>libenter</strong></span> <span class='ocrx_word' id='word_1_17' title='bbox 699 771 825 836; x_wconf 88' lang='lat' dir='ltr'><strong>adversa</strong></span> <span class='ocrx_word' id='word_1_18' title='bbox 848 773 929 852; x_wconf 93' lang='lat' dir='ltr'><strong>passi</strong></span> <span class='ocrx_word' id='word_1_19' title='bbox 951 778 1030 853; x_wconf 92' lang='lat' dir='ltr'><strong>sunt,</strong></span> <span class='ocrx_word' id='word_1_20' title='bbox 1052 791 1211 838; x_wconf 87' lang='lat' dir='ltr'><strong>memores</strong></span> <span class='ocrx_word' id='word_1_21' title='bbox 1225 773 1385 840; x_wconf 82' lang='lat' dir='ltr'><strong>sactorum</strong></span> <span class='ocrx_word' id='word_1_22' title='bbox 1401 780 1545 842; x_wconf 83' lang='lat' dir='ltr'><strong>suorum.“</strong></span> 
     </span>
    </p>

    <p class='ocr_par' dir='ltr' id='par_1_3' title="bbox 355 876 1554 2831">
     <span class='ocr_line' id='line_1_4' title="bbox 511 876 1547 962; baseline 0.001 -21"><span class='ocrx_word' id='word_1_23' title='bbox 511 879 560 941; x_wconf 90' lang='lat' dir='ltr'><strong>Xl.</strong></span> <span class='ocrx_word' id='word_1_24' title='bbox 604 879 763 958; x_wconf 87' lang='lat' dir='ltr'><strong>Postquam</strong></span> <span class='ocrx_word' id='word_1_25' title='bbox 786 877 900 939; x_wconf 88' lang='lat' dir='ltr'><strong>linisset</strong></span> <span class='ocrx_word' id='word_1_26' title='bbox 923 876 1052 939; x_wconf 91' lang='lat' dir='ltr'><strong>omnium</strong></span> <span class='ocrx_word' id='word_1_27' title='bbox 1075 879 1226 961; x_wconf 81' lang='lat' dir='ltr'><strong>virgarum</strong></span> <span class='ocrx_word' id='word_1_28' title='bbox 1246 881 1495 962; x_wconf 75' lang='lat' dir='ltr'><strong>explanationes,</strong></span> <span class='ocrx_word' id='word_1_29' title='bbox 1516 883 1547 945; x_wconf 93' lang='lat' dir='ltr'><strong>ait</strong></span> 
     </span>
     <span class='ocr_line' id='line_1_5' title="bbox 424 961 1549 1065; baseline 0 -18"><span class='ocrx_word' id='word_1_30' title='bbox 424 982 512 1048; x_wconf 90' lang='lat' dir='ltr'><strong>mihi:</strong></span> <span class='ocrx_word' id='word_1_31' title='bbox 538 981 652 1062; x_wconf 88' lang='lat' dir='ltr'><strong>,vade,</strong></span> <span class='ocrx_word' id='word_1_32' title='bbox 676 986 706 1042; x_wconf 90' lang='lat' dir='ltr'><strong>et</strong></span> <span class='ocrx_word' id='word_1_33' title='bbox 727 980 781 1053; x_wconf 58' lang='lat' dir='ltr'><strong>dio,</strong></span> <span class='ocrx_word' id='word_1_34' title='bbox 798 961 951 1061; x_wconf 83' lang='lat' dir='ltr'><strong>omnibus,</strong></span> <span class='ocrx_word' id='word_1_35' title='bbox 974 987 1007 1043; x_wconf 89' lang='lat' dir='ltr'><strong>ul</strong></span> <span class='ocrx_word' id='word_1_36' title='bbox 1028 989 1117 1065; x_wconf 81' lang='lat' dir='ltr'><strong>agant</strong></span> <span class='ocrx_word' id='word_1_37' title='bbox 1139 985 1435 1064; x_wconf 63' lang='lat' dir='ltr'><strong>poenitentiam-et</strong></span> <span class='ocrx_word' id='word_1_38' title='bbox 1458 985 1549 1047; x_wconf 91' lang='lat' dir='ltr'><strong>vivent</strong></span> 
     </span>
     <span class='ocr_line' id='line_1_6' title="bbox 425 1083 1550 1168; baseline -0.003 -16"><span class='ocrx_word' id='word_1_39' title='bbox 425 1089 511 1163; x_wconf 80' lang='lat' dir='ltr'><strong>De03</strong></span> <span class='ocrx_word' id='word_1_40' title='bbox 546 1085 613 1166; x_wconf 92' lang='lat' dir='ltr'><strong>quia</strong></span> <span class='ocrx_word' id='word_1_41' title='bbox 643 1090 741 1147; x_wconf 92' lang='lat' dir='ltr'><strong>motus</strong></span> <span class='ocrx_word' id='word_1_42' title='bbox 764 1083 899 1147; x_wconf 86' lang='lat' dir='ltr'><strong>dominus</strong></span> <span class='ocrx_word' id='word_1_43' title='bbox 922 1102 1028 1168; x_wconf 80' lang='lat' dir='ltr'><strong>magna</strong></span> <span class='ocrx_word' id='word_1_44' title='bbox 1051 1086 1206 1150; x_wconf 87' lang='lat' dir='ltr'><strong>clementia</strong></span> <span class='ocrx_word' id='word_1_45' title='bbox 1228 1105 1284 1150; x_wconf 88' lang='lat' dir='ltr'><strong>sua</strong></span> <span class='ocrx_word' id='word_1_46' title='bbox 1319 1088 1400 1150; x_wconf 93' lang='lat' dir='ltr'><strong>misit</strong></span> <span class='ocrx_word' id='word_1_47' title='bbox 1433 1106 1498 1167; x_wconf 88' lang='lat' dir='ltr'><strong>me,</strong></span> <span class='ocrx_word' id='word_1_48' title='bbox 1525 1095 1550 1153; x_wconf 91' lang='lat' dir='ltr'><strong>ut</strong></span> 
     </span>
     <span class='ocr_line' id='line_1_7' title="bbox 424 1188 1550 1276; baseline 0 -20"><span class='ocrx_word' id='word_1_49' title='bbox 424 1189 636 1276; x_wconf 88' lang='lat' dir='ltr'><strong>poenitentiam</strong></span> <span class='ocrx_word' id='word_1_50' title='bbox 659 1188 825 1252; x_wconf 74' lang='lat' dir='ltr'><strong>nuntiarem</strong></span> <span class='ocrx_word' id='word_1_51' title='bbox 849 1190 1007 1270; x_wconf 90' lang='lat' dir='ltr'><strong>omnibus,</strong></span> <span class='ocrx_word' id='word_1_52' title='bbox 1029 1189 1075 1252; x_wconf 90' lang='lat' dir='ltr'><strong>his</strong></span> <span class='ocrx_word' id='word_1_53' title='bbox 1098 1190 1205 1272; x_wconf 83' lang='lat' dir='ltr'><strong>etiam,</strong></span> <span class='ocrx_word' id='word_1_54' title='bbox 1237 1190 1287 1272; x_wconf 93' lang='lat' dir='ltr'><strong>qui</strong></span> <span class='ocrx_word' id='word_1_55' title='bbox 1312 1209 1378 1254; x_wconf 92' lang='lat' dir='ltr'><strong>non</strong></span> <span class='ocrx_word' id='word_1_56' title='bbox 1402 1199 1550 1256; x_wconf 87' lang='lat' dir='ltr'><strong>merentur</strong></span> 
     </span>
     <span class='ocr_line' id='line_1_8' title="bbox 355 1291 1551 1380; baseline -0.003 -21"><span class='ocrx_word' id='word_1_57' title='bbox 355 1325 359 1334; x_wconf 94' lang='lat'><em>·</em></span> <span class='ocrx_word' id='word_1_58' title='bbox 424 1301 549 1380; x_wconf 87' lang='lat' dir='ltr'><strong>propter</strong></span> <span class='ocrx_word' id='word_1_59' title='bbox 571 1292 648 1357; x_wconf 86' lang='lat' dir='ltr'><strong>lacta</strong></span> <span class='ocrx_word' id='word_1_60' title='bbox 669 1311 726 1358; x_wconf 91' lang='lat' dir='ltr'><strong>sua</strong></span> <span class='ocrx_word' id='word_1_61' title='bbox 747 1293 868 1373; x_wconf 81' lang='lat' dir='ltr'><strong>assequi</strong></span> <span class='ocrx_word' id='word_1_62' title='bbox 892 1293 1026 1357; x_wconf 90' lang='lat' dir='ltr'><strong>salutem.</strong></span> <span class='ocrx_word' id='word_1_63' title='bbox 1071 1291 1131 1356; x_wconf 84' lang='lat' dir='ltr'><strong>Sed</strong></span> <span class='ocrx_word' id='word_1_64' title='bbox 1146 1294 1263 1374; x_wconf 90' lang='lat' dir='ltr'><strong>patiens</strong></span> <span class='ocrx_word' id='word_1_65' title='bbox 1279 1300 1329 1356; x_wconf 89' lang='lat' dir='ltr'><strong>est</strong></span> <span class='ocrx_word' id='word_1_66' title='bbox 1345 1295 1507 1374; x_wconf 86' lang='lat' dir='ltr'><strong>Dominus,</strong></span> <span class='ocrx_word' id='word_1_67' title='bbox 1527 1301 1551 1356; x_wconf 87' lang='lat' dir='ltr'><strong>et</strong></span> 
     </span>
     <span class='ocr_line' id='line_1_9' title="bbox 426 1394 1549 1478; baseline -0.003 -14"><span class='ocrx_word' id='word_1_68' title='bbox 426 1399 631 1465; x_wconf 79' lang='lat' dir='ltr'><strong>invitationem</strong></span> <span class='ocrx_word' id='word_1_69' title='bbox 653 1415 707 1477; x_wconf 90' lang='lat' dir='ltr'><strong>per</strong></span> <span class='ocrx_word' id='word_1_70' title='bbox 722 1394 824 1459; x_wconf 84' lang='lat' dir='ltr'><strong>Filium</strong></span> <span class='ocrx_word' id='word_1_71' title='bbox 847 1413 932 1458; x_wconf 93' lang='lat' dir='ltr'><strong>suum</strong></span> <span class='ocrx_word' id='word_1_72' title='bbox 956 1394 1061 1458; x_wconf 88' lang='lat' dir='ltr'><strong>laetam</strong></span> <span class='ocrx_word' id='word_1_73' title='bbox 1076 1397 1139 1459; x_wconf 90' lang='lat' dir='ltr'><strong>vult</strong></span> <span class='ocrx_word' id='word_1_74' title='bbox 1153 1397 1373 1478; x_wconf 75' lang='lat' dir='ltr'><strong>conseqvare.“</strong></span> <span class='ocrx_word' id='word_1_75' title='bbox 1425 1399 1501 1462; x_wconf 88' lang='lat' dir='ltr'><strong>Dico</strong></span> <span class='ocrx_word' id='word_1_76' title='bbox 1515 1400 1549 1461; x_wconf 90' lang='lat' dir='ltr'><strong>ei:</strong></span> 
     </span>
     <span class='ocr_line' id='line_1_10' title="bbox 428 1497 1550 1586; baseline 0 -20"><span class='ocrx_word' id='word_1_77' title='bbox 428 1520 551 1586; x_wconf 85' lang='lat' dir='ltr'><strong>,spero,</strong></span> <span class='ocrx_word' id='word_1_78' title='bbox 574 1500 702 1578; x_wconf 91' lang='lat' dir='ltr'><strong>domine,</strong></span> <span class='ocrx_word' id='word_1_79' title='bbox 726 1497 802 1578; x_wconf 61' lang='lat' dir='ltr'><strong>lore</strong></span> <span class='ocrx_word' id='word_1_80' title='bbox 824 1505 856 1562; x_wconf 91' lang='lat' dir='ltr'><strong>ut</strong></span> <span class='ocrx_word' id='word_1_81' title='bbox 878 1499 1053 1569; x_wconf 77' lang='lat' dir='ltr'><strong>auditis-his</strong></span> <span class='ocrx_word' id='word_1_82' title='bbox 1069 1501 1201 1585; x_wconf 87' lang='lat' dir='ltr'><strong>universi</strong></span> <span class='ocrx_word' id='word_1_83' title='bbox 1222 1508 1314 1585; x_wconf 81' lang='lat' dir='ltr'><strong>agant</strong></span> <span class='ocrx_word' id='word_1_84' title='bbox 1331 1503 1550 1583; x_wconf 88' lang='lat' dir='ltr'><strong>poenitentiam.</strong></span> 
     </span>
     <span class='ocr_line' id='line_1_11' title="bbox 428 1603 1551 1695; baseline -0.003 -25"><span class='ocrx_word' id='word_1_85' title='bbox 428 1606 528 1671; x_wconf 81' lang='lat' dir='ltr'><strong>Credo</strong></span> <span class='ocrx_word' id='word_1_86' title='bbox 553 1606 647 1683; x_wconf 90' lang='lat' dir='ltr'><strong>enim,</strong></span> <span class='ocrx_word' id='word_1_87' title='bbox 679 1621 935 1684; x_wconf 90' lang='lat' dir='ltr'><strong>unumquemque,</strong></span> <span class='ocrx_word' id='word_1_88' title='bbox 968 1603 1076 1695; x_wconf 75' lang='lat' dir='ltr'><strong>agnitis</strong></span> <span class='ocrx_word' id='word_1_89' title='bbox 1097 1603 1160 1669; x_wconf 87' lang='lat' dir='ltr'><strong>suis</strong></span> <span class='ocrx_word' id='word_1_90' title='bbox 1183 1604 1268 1677; x_wconf 84' lang='lat' dir='ltr'><strong>iactis</strong></span> <span class='ocrx_word' id='word_1_91' title='bbox 1293 1612 1326 1677; x_wconf 86' lang='lat' dir='ltr'><strong>et</strong></span> <span class='ocrx_word' id='word_1_92' title='bbox 1342 1611 1483 1688; x_wconf 86' lang='lat' dir='ltr'><strong>accepto</strong></span> <span class='ocrx_word' id='word_1_93' title='bbox 1504 1606 1551 1668; x_wconf 89' lang='lat' dir='ltr'><strong>Dei</strong></span> 
     </span>
     <span class='ocr_line' id='line_1_12' title="bbox 415 1693 1552 1792; baseline -0.002 -17"><span class='ocrx_word' id='word_1_94' title='bbox 415 1712 552 1788; x_wconf 85' lang='lat' dir='ltr'><strong>timore,</strong></span> <span class='ocrx_word' id='word_1_95' title='bbox 574 1707 611 1770; x_wconf 91' lang='lat' dir='ltr'><strong>ad</strong></span> <span class='ocrx_word' id='word_1_96' title='bbox 634 1707 844 1787; x_wconf 88' lang='lat' dir='ltr'><strong>poenitentiam</strong></span> <span class='ocrx_word' id='word_1_97' title='bbox 867 1693 1107 1790; x_wconf 82' lang='lat' dir='ltr'><strong>regressurum.“</strong></span> <span class='ocrx_word' id='word_1_98' title='bbox 1152 1708 1202 1772; x_wconf 83' lang='lat' dir='ltr'><strong>Ait</strong></span> <span class='ocrx_word' id='word_1_99' title='bbox 1224 1709 1314 1790; x_wconf 84' lang='lat' dir='ltr'><strong>mihi3</strong></span> <span class='ocrx_word' id='word_1_100' title='bbox 1347 1708 1360 1746; x_wconf 91' lang='lat'><strong>·¹</strong></span> <span class='ocrx_word' id='word_1_101' title='bbox 1377 1713 1552 1792; x_wconf 86' lang='lat' dir='ltr'><strong>quicumque</strong></span> 
     </span>
     <span class='ocr_line' id='line_1_13' title="bbox 428 1788 1552 1894; baseline 0 -17"><span class='ocrx_word' id='word_1_102' title='bbox 428 1788 606 1878; x_wconf 82' lang='lat' dir='ltr'><strong>totocorde</strong></span> <span class='ocrx_word' id='word_1_103' title='bbox 630 1811 747 1891; x_wconf 81' lang='lat' dir='ltr'><strong>egerint</strong></span> <span class='ocrx_word' id='word_1_104' title='bbox 769 1808 998 1891; x_wconf 85' lang='lat' dir='ltr'><strong>poenitentiam,</strong></span> <span class='ocrx_word' id='word_1_105' title='bbox 1029 1818 1059 1874; x_wconf 92' lang='lat' dir='ltr'><strong>et</strong></span> <span class='ocrx_word' id='word_1_106' title='bbox 1088 1813 1312 1894; x_wconf 86' lang='lat' dir='ltr'><strong>purificaverint</strong></span> <span class='ocrx_word' id='word_1_107' title='bbox 1342 1833 1380 1877; x_wconf 89' lang='lat' dir='ltr'><strong>se</strong></span> <span class='ocrx_word' id='word_1_108' title='bbox 1415 1817 1454 1878; x_wconf 89' lang='lat' dir='ltr'><strong>ab</strong></span> <span class='ocrx_word' id='word_1_109' title='bbox 1484 1816 1552 1879; x_wconf 90' lang='lat' dir='ltr'><strong>omni</strong></span> 
     </span>
     <span class='ocr_line' id='line_1_14' title="bbox 424 1913 1552 1999; baseline 0.002 -19"><span class='ocrx_word' id='word_1_110' title='bbox 424 1916 569 1997; x_wconf 89' lang='lat' dir='ltr'><strong>nequitia,</strong></span> <span class='ocrx_word' id='word_1_111' title='bbox 595 1933 671 1999; x_wconf 89' lang='lat' dir='ltr'><strong>quae</strong></span> <span class='ocrx_word' id='word_1_112' title='bbox 686 1932 783 1996; x_wconf 82' lang='lat' dir='ltr'><strong>supra</strong></span> <span class='ocrx_word' id='word_1_113' title='bbox 808 1913 883 1978; x_wconf 89' lang='lat' dir='ltr'><strong>dicta</strong></span> <span class='ocrx_word' id='word_1_114' title='bbox 905 1922 1024 1994; x_wconf 85' lang='lat' dir='ltr'><strong>est,·el</strong></span> <span class='ocrx_word' id='word_1_115' title='bbox 1045 1934 1106 1978; x_wconf 89' lang='lat' dir='ltr'><strong>non</strong></span> <span class='ocrx_word' id='word_1_116' title='bbox 1129 1917 1425 1999; x_wconf 79' lang='lat' dir='ltr'><strong>adjecerintadltuc</strong></span> <span class='ocrx_word' id='word_1_117' title='bbox 1449 1920 1486 1982; x_wconf 90' lang='lat' dir='ltr'><strong>ad</strong></span> <span class='ocrx_word' id='word_1_118' title='bbox 1502 1920 1552 1982; x_wconf 91' lang='lat' dir='ltr'><strong>de·</strong></span> 
     </span>
     <span class='ocr_line' id='line_1_15' title="bbox 427 2019 1552 2109; baseline 0.004 -25"><span class='ocrx_word' id='word_1_119' title='bbox 427 2023 497 2094; x_wconf 87' lang='lat' dir='ltr'><strong>licta</strong></span> <span class='ocrx_word' id='word_1_120' title='bbox 520 2038 574 2083; x_wconf 92' lang='lat' dir='ltr'><strong>sua</strong></span> <span class='ocrx_word' id='word_1_121' title='bbox 598 2019 765 2101; x_wconf 87' lang='lat' dir='ltr'><strong>quidquam,</strong></span> <span class='ocrx_word' id='word_1_122' title='bbox 789 2020 935 2101; x_wconf 87' lang='lat' dir='ltr'><strong>accipient</strong></span> <span class='ocrx_word' id='word_1_123' title='bbox 958 2020 1117 2109; x_wconf 89' lang='lat' dir='ltr'><strong>aDomioo</strong></span> <span class='ocrx_word' id='word_1_124' title='bbox 1139 2021 1472 2104; x_wconf 89' lang='lat' dir='ltr'><strong>remediumpriorum</strong></span> <span class='ocrx_word' id='word_1_125' title='bbox 1486 2043 1552 2106; x_wconf 90' lang='lat' dir='ltr'><strong>pec·</strong></span> 
     </span>
     <span class='ocr_line' id='line_1_16' title="bbox 430 2123 1554 2204; baseline 0.001 -16"><span class='ocrx_word' id='word_1_126' title='bbox 430 2131 563 2191; x_wconf 89' lang='lat' dir='ltr'><strong>catorum</strong></span> <span class='ocrx_word' id='word_1_127' title='bbox 582 2142 720 2204; x_wconf 48' lang='lat' dir='ltr'><strong>‚suorum</strong></span> <span class='ocrx_word' id='word_1_128' title='bbox 743 2124 768 2186; x_wconf 89' lang='lat' dir='ltr'><strong>si</strong></span> <span class='ocrx_word' id='word_1_129' title='bbox 792 2124 861 2186; x_wconf 92' lang='lat' dir='ltr'><strong>nibil</strong></span> <span class='ocrx_word' id='word_1_130' title='bbox 885 2123 1084 2203; x_wconf 80' lang='lat' dir='ltr'><strong>dubitaverint</strong></span> <span class='ocrx_word' id='word_1_131' title='bbox 1107 2125 1306 2188; x_wconf 88' lang='lat' dir='ltr'><strong>demandatis</strong></span> <span class='ocrx_word' id='word_1_132' title='bbox 1323 2127 1390 2204; x_wconf 83' lang='lat' dir='ltr'><strong>bis3</strong></span> <span class='ocrx_word' id='word_1_133' title='bbox 1417 2134 1448 2190; x_wconf 89' lang='lat' dir='ltr'><strong>et</strong></span> <span class='ocrx_word' id='word_1_134' title='bbox 1463 2129 1554 2191; x_wconf 89' lang='lat' dir='ltr'><strong>viveut</strong></span> 
     </span>
     <span class='ocr_line' id='line_1_17' title="bbox 428 2205 1554 2310; baseline 0.002 -18"><span class='ocrx_word' id='word_1_135' title='bbox 428 2205 504 2292; x_wconf 84' lang='lat' dir='ltr'><strong>Deo.</strong></span> <span class='ocrx_word' id='word_1_136' title='bbox 550 2229 607 2304; x_wconf 78' lang='lat' dir='ltr'><strong>Oui</strong></span> <span class='ocrx_word' id='word_1_137' title='bbox 629 2246 703 2292; x_wconf 87' lang='lat' dir='ltr'><strong>vero</strong></span> <span class='ocrx_word' id='word_1_138' title='bbox 727 2228 900 2310; x_wconf 87' lang='lat' dir='ltr'><strong>adjecerint,</strong></span> <span class='ocrx_word' id='word_1_139' title='bbox 923 2228 1028 2309; x_wconf 92' lang='lat' dir='ltr'><strong>inquit,</strong></span> <span class='ocrx_word' id='word_1_140' title='bbox 1051 2227 1090 2293; x_wconf 92' lang='lat' dir='ltr'><strong>ad</strong></span> <span class='ocrx_word' id='word_1_141' title='bbox 1112 2228 1217 2291; x_wconf 89' lang='lat' dir='ltr'><strong>delicta</strong></span> <span class='ocrx_word' id='word_1_142' title='bbox 1240 2247 1306 2308; x_wconf 88' lang='lat' dir='ltr'><strong>sua,</strong></span> <span class='ocrx_word' id='word_1_143' title='bbox 1331 2236 1361 2291; x_wconf 93' lang='lat' dir='ltr'><strong>et</strong></span> <span class='ocrx_word' id='word_1_144' title='bbox 1388 2234 1554 2295; x_wconf 88' lang='lat' dir='ltr'><strong>conversati</strong></span> 
     </span>
     <span class='ocr_line' id='line_1_18' title="bbox 428 2332 1554 2417; baseline 0.003 -20"><span class='ocrx_word' id='word_1_145' title='bbox 428 2334 540 2398; x_wconf 85' lang='lat' dir='ltr'><strong>luerint</strong></span> <span class='ocrx_word' id='word_1_146' title='bbox 563 2334 593 2396; x_wconf 93' lang='lat' dir='ltr'><strong>in</strong></span> <span class='ocrx_word' id='word_1_147' title='bbox 617 2333 824 2415; x_wconf 85' lang='lat' dir='ltr'><strong>cupiditatibus</strong></span> <span class='ocrx_word' id='word_1_148' title='bbox 840 2332 934 2393; x_wconf 90' lang='lat' dir='ltr'><strong>seculi</strong></span> <span class='ocrx_word' id='word_1_149' title='bbox 949 2332 1048 2414; x_wconf 87' lang='lat' dir='ltr'><strong>hujus,</strong></span> <span class='ocrx_word' id='word_1_150' title='bbox 1071 2332 1248 2397; x_wconf 92' lang='lat' dir='ltr'><strong>damnabunt</strong></span> <span class='ocrx_word' id='word_1_151' title='bbox 1262 2351 1300 2395; x_wconf 91' lang='lat' dir='ltr'><strong>se</strong></span> <span class='ocrx_word' id='word_1_152' title='bbox 1316 2335 1411 2417; x_wconf 8' lang='lat' dir='ltr'><strong>ipsos,</strong></span> <span class='ocrx_word' id='word_1_153' title='bbox 1425 2337 1464 2399; x_wconf 92' lang='lat' dir='ltr'><strong>ad</strong></span> <span class='ocrx_word' id='word_1_154' title='bbox 1479 2354 1554 2400; x_wconf 91' lang='lat' dir='ltr'><strong>mor·</strong></span> 
     </span>
     <span class='ocr_line' id='line_1_19' title="bbox 427 2435 1553 2522; baseline -0.001 -19"><span class='ocrx_word' id='word_1_155' title='bbox 427 2448 500 2503; x_wconf 78' lang='lat' dir='ltr'><strong>lem.</strong></span> <span class='ocrx_word' id='word_1_156' title='bbox 543 2439 587 2503; x_wconf 84' lang='lat' dir='ltr'><strong>Tu</strong></span> <span class='ocrx_word' id='word_1_157' title='bbox 609 2456 683 2501; x_wconf 92' lang='lat' dir='ltr'><strong>vero</strong></span> <span class='ocrx_word' id='word_1_158' title='bbox 706 2437 822 2500; x_wconf 90' lang='lat' dir='ltr'><strong>ambula</strong></span> <span class='ocrx_word' id='word_1_159' title='bbox 844 2435 873 2498; x_wconf 92' lang='lat' dir='ltr'><strong>in</strong></span> <span class='ocrx_word' id='word_1_160' title='bbox 896 2435 1040 2520; x_wconf 89' lang='lat' dir='ltr'><strong>mandalis</strong></span> <span class='ocrx_word' id='word_1_161' title='bbox 1053 2435 1137 2514; x_wconf 85' lang='lat' dir='ltr'><strong>istis,</strong></span> <span class='ocrx_word' id='word_1_162' title='bbox 1159 2441 1189 2498; x_wconf 89' lang='lat' dir='ltr'><strong>el</strong></span> <span class='ocrx_word' id='word_1_163' title='bbox 1210 2437 1295 2498; x_wconf 93' lang='lat' dir='ltr'><strong>vives</strong></span> <span class='ocrx_word' id='word_1_164' title='bbox 1320 2438 1413 2516; x_wconf 89' lang='lat' dir='ltr'><strong>Deo;</strong></span> <span class='ocrx_word' id='word_1_165' title='bbox 1440 2448 1471 2504; x_wconf 89' lang='lat' dir='ltr'><strong>el</strong></span> <span class='ocrx_word' id='word_1_166' title='bbox 1492 2441 1553 2522; x_wconf 91' lang='lat' dir='ltr'><strong>qui-</strong></span> 
     </span>
     <span class='ocr_line' id='line_1_20' title="bbox 429 2539 1551 2625; baseline 0.004 -20"><span class='ocrx_word' id='word_1_167' title='bbox 429 2560 557 2623; x_wconf 84' lang='lat' dir='ltr'><strong>cumque</strong></span> <span class='ocrx_word' id='word_1_168' title='bbox 573 2541 785 2611; x_wconf 89' lang='lat' dir='ltr'><strong>ambulaverint</strong></span> <span class='ocrx_word' id='word_1_169' title='bbox 801 2541 829 2602; x_wconf 93' lang='lat' dir='ltr'><strong>in</strong></span> <span class='ocrx_word' id='word_1_170' title='bbox 845 2539 901 2618; x_wconf 90' lang='lat' dir='ltr'><strong>his,</strong></span> <span class='ocrx_word' id='word_1_171' title='bbox 917 2548 948 2603; x_wconf 90' lang='lat' dir='ltr'><strong>et</strong></span> <span class='ocrx_word' id='word_1_172' title='bbox 962 2548 1046 2608; x_wconf 87' lang='lat' dir='ltr'><strong>recto</strong></span> <span class='ocrx_word' id='word_1_173' title='bbox 1061 2559 1097 2604; x_wconf 91' lang='lat' dir='ltr'><strong>ea</strong></span> <span class='ocrx_word' id='word_1_174' title='bbox 1114 2543 1318 2625; x_wconf 86' lang='lat' dir='ltr'><strong>exercuerint,</strong></span> <span class='ocrx_word' id='word_1_175' title='bbox 1337 2544 1451 2608; x_wconf 92' lang='lat' dir='ltr'><strong>vivent</strong></span> <span class='ocrx_word' id='word_1_176' title='bbox 1467 2547 1551 2609; x_wconf 65' lang='lat' dir='ltr'><strong>lleof‘</strong></span> 
     </span>
     <span class='ocr_line' id='line_1_21' title="bbox 428 2644 1552 2733; baseline 0.004 -22"><span class='ocrx_word' id='word_1_177' title='bbox 428 2647 587 2729; x_wconf 91' lang='lat' dir='ltr'><strong>Postquam</strong></span> <span class='ocrx_word' id='word_1_178' title='bbox 611 2664 686 2709; x_wconf 91' lang='lat' dir='ltr'><strong>vero</strong></span> <span class='ocrx_word' id='word_1_179' title='bbox 708 2646 784 2709; x_wconf 89' lang='lat' dir='ltr'><strong>haec</strong></span> <span class='ocrx_word' id='word_1_180' title='bbox 806 2645 903 2708; x_wconf 92' lang='lat' dir='ltr'><strong>omnia</strong></span> <span class='ocrx_word' id='word_1_181' title='bbox 920 2644 989 2708; x_wconf 90' lang='lat' dir='ltr'><strong>mihi</strong></span> <span class='ocrx_word' id='word_1_182' title='bbox 1005 2645 1144 2725; x_wconf 87' lang='lat' dir='ltr'><strong>ostendit,</strong></span> <span class='ocrx_word' id='word_1_183' title='bbox 1167 2646 1207 2709; x_wconf 88' lang='lat' dir='ltr'><strong>ait</strong></span> <span class='ocrx_word' id='word_1_184' title='bbox 1222 2647 1307 2710; x_wconf 89' lang='lat' dir='ltr'><strong>mihi:</strong></span> <span class='ocrx_word' id='word_1_185' title='bbox 1334 2651 1478 2733; x_wconf 86' lang='lat' dir='ltr'><strong>„reliqua</strong></span> <span class='ocrx_word' id='word_1_186' title='bbox 1494 2658 1552 2733; x_wconf 90' lang='lat' dir='ltr'><strong>post</strong></span> 
     </span>
     <span class='ocr_line' id='line_1_22' title="bbox 430 2749 1096 2831; baseline -0.009 -19"><span class='ocrx_word' id='word_1_187' title='bbox 430 2749 494 2813; x_wconf 93' lang='lat' dir='ltr'><strong>dies</strong></span> <span class='ocrx_word' id='word_1_188' title='bbox 517 2768 630 2831; x_wconf 89' lang='lat' dir='ltr'><strong>paucos</strong></span> <span class='ocrx_word' id='word_1_189' title='bbox 654 2749 705 2813; x_wconf 92' lang='lat' dir='ltr'><strong>tibi</strong></span> <span class='ocrx_word' id='word_1_190' title='bbox 728 2749 911 2815; x_wconf 79' lang='lat' dir='ltr'><strong>ostendam.“</strong></span> <span class='ocrx_word' id='word_1_191' title='bbox 1020 2795 1037 2806; x_wconf 88' lang='lat'><strong>..</strong></span> <span class='ocrx_word' id='word_1_192' title='bbox 1094 2787 1096 2790; x_wconf 91' lang='lat'>-</span> 
     </span>
    </p>
   </div>
   <div class='ocr_carea' id='block_1_3' title="bbox 857 2909 1265 3075">
    <p class='ocr_par' dir='ltr' id='par_1_4' title="bbox 857 2909 1265 3075">
     <span class='ocr_line' id='line_1_23' title="bbox 857 2909 1265 3075; baseline 0.007 -41"><span class='ocrx_word' id='word_1_193' title='bbox 857 2909 1043 3039; x_wconf 79' lang='lat' dir='ltr'><strong>snmuvo-</strong></span> <span class='ocrx_word' id='word_1_194' title='bbox 1068 2954 1120 3075; x_wconf 85' lang='lat' dir='ltr'><strong>u.</strong></span> <span class='ocrx_word' id='word_1_195' title='bbox 1157 2994 1194 3033; x_wconf 89' lang='lat'><strong>-.</strong></span> <span class='ocrx_word' id='word_1_196' title='bbox 1262 2978 1265 2984; x_wconf 48' lang='grc'>’</span> 
     </span>
    </p>
   </div>
   <div class='ocr_carea' id='block_1_4' title="bbox 465 3105 1526 3299">
    <p class='ocr_par' dir='ltr' id='par_1_5' title="bbox 465 3105 1526 3299">
     <span class='ocr_line' id='line_1_24' title="bbox 465 3105 1526 3227; baseline 0.012 -37"><span class='ocrx_word' id='word_1_197' title='bbox 465 3116 693 3210; x_wconf 79' lang='lat' dir='ltr'><strong>Aedificoadac</strong></span> <span class='ocrx_word' id='word_1_198' title='bbox 715 3128 881 3192; x_wconf 81' lang='lat' dir='ltr'><strong>militantis</strong></span> <span class='ocrx_word' id='word_1_199' title='bbox 903 3137 934 3192; x_wconf 85' lang='lat' dir='ltr'><strong>ct</strong></span> <span class='ocrx_word' id='word_1_200' title='bbox 955 3105 1178 3227; x_wconf 75' lang='lat' dir='ltr'><strong>triumphantis</strong></span> <span class='ocrx_word' id='word_1_201' title='bbox 1197 3136 1352 3200; x_wconf 84' lang='lat' dir='ltr'><strong>ecclcsiae</strong></span> <span class='ocrx_word' id='word_1_202' title='bbox 1376 3141 1526 3221; x_wconf 80' lang='lat' dir='ltr'><strong>mysterio</strong></span> 
     </span>
     <span class='ocr_line' id='line_1_25' title="bbox 920 3254 1066 3299; baseline 0 -1"><span class='ocrx_word' id='word_1_203' title='bbox 920 3254 1066 3299; x_wconf 72' lang='lat' dir='ltr'><strong>mosem</strong></span> 
     </span>
    </p>
   </div>
   <div class='ocr_carea' id='block_1_5' title="bbox 429 3356 1548 3678">
    <p class='ocr_par' dir='ltr' id='par_1_6' title="bbox 429 3356 1548 3678">
     <span class='ocr_line' id='line_1_26' title="bbox 517 3356 1548 3462; baseline 0.013 -28"><span class='ocrx_word' id='word_1_204' title='bbox 517 3372 538 3434; x_wconf 89' lang='grc' dir='ltr'><strong>Ι.</strong></span> <span class='ocrx_word' id='word_1_205' title='bbox 582 3371 740 3450; x_wconf 89' lang='lat' dir='ltr'><strong>Postquam</strong></span> <span class='ocrx_word' id='word_1_206' title='bbox 763 3371 869 3454; x_wconf 82' lang='lat' dir='ltr'><strong>scripsi</strong></span> <span class='ocrx_word' id='word_1_207' title='bbox 891 3364 1026 3439; x_wconf 89' lang='lat' dir='ltr'><strong>mandata</strong></span> <span class='ocrx_word' id='word_1_208' title='bbox 1049 3382 1079 3439; x_wconf 90' lang='lat' dir='ltr'><strong>et</strong></span> <span class='ocrx_word' id='word_1_209' title='bbox 1094 3356 1300 3442; x_wconf 83' lang='lat' dir='ltr'><strong>similitudines</strong></span> <span class='ocrx_word' id='word_1_210' title='bbox 1317 3385 1455 3462; x_wconf 88' lang='lat' dir='ltr'><strong>pastoris</strong></span> <span class='ocrx_word' id='word_1_211' title='bbox 1471 3384 1548 3460; x_wconf 89' lang='lat' dir='ltr'><strong>illius,</strong></span> 
     </span>
     <span class='ocr_line' id='line_1_27' title="bbox 430 3474 1548 3562; baseline 0.01 -25"><span class='ocrx_word' id='word_1_212' title='bbox 430 3474 524 3537; x_wconf 89' lang='lat' dir='ltr'><strong>nuntii</strong></span> <span class='ocrx_word' id='word_1_213' title='bbox 546 3475 756 3554; x_wconf 89' lang='lat' dir='ltr'><strong>poenitentiae,</strong></span> <span class='ocrx_word' id='word_1_214' title='bbox 779 3478 859 3538; x_wconf 92' lang='lat' dir='ltr'><strong>venit</strong></span> <span class='ocrx_word' id='word_1_215' title='bbox 876 3475 937 3540; x_wconf 76' lang='lat' dir='ltr'><strong>²ad</strong></span> <span class='ocrx_word' id='word_1_216' title='bbox 953 3499 1011 3558; x_wconf 92' lang='lat' dir='ltr'><strong>me,</strong></span> <span class='ocrx_word' id='word_1_217' title='bbox 1033 3488 1063 3544; x_wconf 93' lang='lat' dir='ltr'><strong>et</strong></span> <span class='ocrx_word' id='word_1_218' title='bbox 1079 3480 1152 3544; x_wconf 81' lang='lat' dir='ltr'><strong>dixit</strong></span> <span class='ocrx_word' id='word_1_219' title='bbox 1167 3483 1260 3562; x_wconf 18' lang='lat' dir='ltr'><strong>mibi:-</strong></span> <span class='ocrx_word' id='word_1_220' title='bbox 1276 3485 1371 3562; x_wconf 89' lang='lat' dir='ltr'><strong>„volo</strong></span> <span class='ocrx_word' id='word_1_221' title='bbox 1396 3488 1548 3552; x_wconf 88' lang='lat' dir='ltr'><strong>ostendere</strong></span> 
     </span>
     <span class='ocr_line' id='line_1_28' title="bbox 429 3572 1548 3678; baseline 0.01 -39"><span class='ocrx_word' id='word_1_222' title='bbox 429 3572 491 3657; x_wconf 91' lang='lat' dir='ltr'><strong>tibi,</strong></span> <span class='ocrx_word' id='word_1_223' title='bbox 514 3595 719 3658; x_wconf 89' lang='lat' dir='ltr'><strong>quaecumque</strong></span> <span class='ocrx_word' id='word_1_224' title='bbox 742 3575 890 3661; x_wconf 83' lang='lat' dir='ltr'><strong>³spiritus</strong></span> <span class='ocrx_word' id='word_1_225' title='bbox 912 3583 965 3644; x_wconf 90' lang='lat' dir='ltr'><strong>tibi</strong></span> <span class='ocrx_word' id='word_1_226' title='bbox 988 3586 1127 3678; x_wconf 89' lang='lat' dir='ltr'><strong>ostendit,</strong></span> <span class='ocrx_word' id='word_1_227' title='bbox 1150 3585 1253 3665; x_wconf 90' lang='lat' dir='ltr'><strong>quiin</strong></span> <span class='ocrx_word' id='word_1_228' title='bbox 1277 3587 1384 3671; x_wconf 80' lang='lat' dir='ltr'><strong>effigie</strong></span> <span class='ocrx_word' id='word_1_229' title='bbox 1409 3592 1548 3654; x_wconf 88' lang='lat' dir='ltr'><strong>ecclesiae</strong></span> 
     </span>
    </p>
   </div>
   <div class='ocr_carea' id='block_1_6' title="bbox 429 3784 1551 4391">
    <p class='ocr_par' dir='ltr' id='par_1_7' title="bbox 429 3784 1550 4142">
     <span class='ocr_line' id='line_1_29' title="bbox 466 3784 1548 3878; baseline 0.018 -31"><span class='ocrx_word' id='word_1_230' title='bbox 466 3796 493 3862; x_wconf 87' lang='lat'><strong>1)</strong></span> <span class='ocrx_word' id='word_1_231' title='bbox 512 3795 567 3851; x_wconf 87' lang='lat' dir='ltr'><strong>lloc</strong></span> <span class='ocrx_word' id='word_1_232' title='bbox 579 3784 750 3870; x_wconf 47' lang='lat' dir='ltr'><strong>quoqus&#39;loco</strong></span> <span class='ocrx_word' id='word_1_233' title='bbox 762 3801 977 3858; x_wconf 86' lang='lat' dir='ltr'><strong>libertsshumani</strong></span> <span class='ocrx_word' id='word_1_234' title='bbox 1002 3809 1079 3859; x_wconf 86' lang='lat' dir='ltr'><strong>steria</strong></span> <span class='ocrx_word' id='word_1_235' title='bbox 1098 3824 1142 3861; x_wconf 86' lang='lat' dir='ltr'><strong>sua</strong></span> <span class='ocrx_word' id='word_1_236' title='bbox 1159 3808 1268 3862; x_wconf 81' lang='lat' dir='ltr'><strong>Hermae</strong></span> <span class='ocrx_word' id='word_1_237' title='bbox 1287 3815 1426 3878; x_wconf 83' lang='lat' dir='ltr'><strong>aperuisse</strong></span> <span class='ocrx_word' id='word_1_238' title='bbox 1446 3822 1548 3866; x_wconf 83' lang='lat' dir='ltr'><strong>couten-</strong></span> 
     </span>
     <span class='ocr_line' id='line_1_30' title="bbox 429 3880 1548 3962; baseline 0.02 -27"><span class='ocrx_word' id='word_1_239' title='bbox 429 3880 523 3935; x_wconf 82' lang='lat' dir='ltr'><strong>arbitrii</strong></span> <span class='ocrx_word' id='word_1_240' title='bbox 542 3900 555 3936; x_wconf 87' lang='lat' dir='ltr'><strong>a</strong></span> <span class='ocrx_word' id='word_1_241' title='bbox 574 3883 648 3938; x_wconf 85' lang='lat' dir='ltr'><strong>Patre</strong></span> <span class='ocrx_word' id='word_1_242' title='bbox 672 3897 759 3941; x_wconf 89' lang='lat' dir='ltr'><strong>nostro</strong></span> <span class='ocrx_word' id='word_1_243' title='bbox 779 3889 893 3941; x_wconf 83' lang='lat' dir='ltr'><strong>docetur.</strong></span> <span class='ocrx_word' id='word_1_244' title='bbox 925 3889 975 3943; x_wconf 80' lang='lat' dir='ltr'><strong>cb.</strong></span> <span class='ocrx_word' id='word_1_245' title='bbox 1004 3893 1077 3946; x_wconf 89' lang='lat' dir='ltr'><strong>ditur.</strong></span> <span class='ocrx_word' id='word_1_246' title='bbox 1109 3892 1160 3947; x_wconf 79' lang='lat' dir='ltr'><strong>cfr.</strong></span> <span class='ocrx_word' id='word_1_247' title='bbox 1173 3895 1225 3948; x_wconf 83' lang='lat' dir='ltr'><strong>Vis.</strong></span> <span class='ocrx_word' id='word_1_248' title='bbox 1243 3895 1286 3962; x_wconf 87' lang='lat' dir='ltr'><strong>tv,</strong></span> <span class='ocrx_word' id='word_1_249' title='bbox 1308 3898 1337 3949; x_wconf 87' lang='lat'><strong>1:</strong></span> <span class='ocrx_word' id='word_1_250' title='bbox 1358 3900 1406 3952; x_wconf 90' lang='lat' dir='ltr'><strong>ubi</strong></span> <span class='ocrx_word' id='word_1_251' title='bbox 1425 3906 1548 3956; x_wconf 70' lang='lat' dir='ltr'><strong>Dominus</strong></span> 
     </span>
     <span class='ocr_line' id='line_1_31' title="bbox 429 3960 1550 4054; baseline 0.014 -34"><span class='ocrx_word' id='word_1_252' title='bbox 429 3983 505 4036; x_wconf 85' lang='lat' dir='ltr'><strong>supra</strong></span> <span class='ocrx_word' id='word_1_253' title='bbox 517 3960 545 4043; x_wconf 77' lang='lat' dir='ltr'><strong>&#39;c</strong></span> <span class='ocrx_word' id='word_1_254' title='bbox 565 3969 589 4023; x_wconf 89' lang='grc'><strong>6.</strong></span> <span class='ocrx_word' id='word_1_255' title='bbox 608 3987 633 4038; x_wconf 92' lang='lat' dir='ltr'><strong>p.</strong></span> <span class='ocrx_word' id='word_1_256' title='bbox 651 3972 712 4026; x_wconf 76' lang='lat'>«104.</span> <span class='ocrx_word' id='word_1_257' title='bbox 731 3982 784 4026; x_wconf 87' lang='lat' dir='ltr'><strong>not.</strong></span> <span class='ocrx_word' id='word_1_258' title='bbox 803 3975 820 4025; x_wconf 85' lang='lat'>2</span> <span class='ocrx_word' id='word_1_259' title='bbox 842 3970 974 4035; x_wconf 73' lang='lat' dir='ltr'><strong>essaei·</strong></span> <span class='ocrx_word' id='word_1_260' title='bbox 1002 3980 1174 4054; x_wconf 80' lang='lat' dir='ltr'><strong>revelationes</strong></span> <span class='ocrx_word' id='word_1_261' title='bbox 1190 3997 1238 4050; x_wconf 88' lang='lat' dir='ltr'><strong>per</strong></span> <span class='ocrx_word' id='word_1_262' title='bbox 1254 3987 1402 4043; x_wconf 77' lang='lat' dir='ltr'><strong>ecclesium</strong></span> <span class='ocrx_word' id='word_1_263' title='bbox 1415 3988 1550 4040; x_wconf 79' lang='lat' dir='ltr'><strong>ostendisse</strong></span> 
     </span>
     <span class='ocr_line' id='line_1_32' title="bbox 429 4048 1549 4142; baseline 0.016 -34"><span class='ocrx_word' id='word_1_264' title='bbox 429 4072 528 4123; x_wconf 76' lang='lat' dir='ltr'><strong>msam,</strong></span> <span class='ocrx_word' id='word_1_265' title='bbox 547 4055 565 4106; x_wconf 89' lang='lat' dir='ltr'><strong>l.</strong></span> <span class='ocrx_word' id='word_1_266' title='bbox 586 4072 609 4107; x_wconf 85' lang='lat' dir='ltr'><strong>c.</strong></span> <span class='ocrx_word' id='word_1_267' title='bbox 627 4073 653 4124; x_wconf 80' lang='lat' dir='ltr'><strong>p.</strong></span> <span class='ocrx_word' id='word_1_268' title='bbox 672 4057 714 4111; x_wconf 80' lang='lat' dir='ltr'><strong>tr.</strong></span> <span class='ocrx_word' id='word_1_269' title='bbox 946 4048 950 4055; x_wconf 48' lang='lat'>¹</span> <span class='ocrx_word' id='word_1_270' title='bbox 1003 4056 1100 4118; x_wconf 85' lang='lat' dir='ltr'><strong>dicitur.</strong></span> <span class='ocrx_word' id='word_1_271' title='bbox 1131 4067 1202 4120; x_wconf 87' lang='lat' dir='ltr'><strong>Nunc</strong></span> <span class='ocrx_word' id='word_1_272' title='bbox 1213 4066 1304 4125; x_wconf 80' lang='lat' dir='ltr'><strong>Pastor</strong></span> <span class='ocrx_word' id='word_1_273' title='bbox 1316 4073 1412 4125; x_wconf 87' lang='lat' dir='ltr'><strong>eadem</strong></span> <span class='ocrx_word' id='word_1_274' title='bbox 1428 4091 1478 4142; x_wconf 89' lang='lat' dir='ltr'><strong>per</strong></span> <span class='ocrx_word' id='word_1_275' title='bbox 1489 4074 1549 4142; x_wconf 77' lang='lat' dir='ltr'><strong>liqu-</strong></span> 
     </span>
    </p>

    <p class='ocr_par' dir='ltr' id='par_1_8' title="bbox 464 4140 1551 4224">
     <span class='ocr_line' id='line_1_33' title="bbox 464 4140 1551 4224; baseline 0.018 -33"><span class='ocrx_word' id='word_1_276' title='bbox 464 4140 554 4208; x_wconf 70' lang='lat' dir='ltr'><strong>2),Sc.</strong></span> <span class='ocrx_word' id='word_1_277' title='bbox 571 4147 682 4199; x_wconf 73' lang='lat' dir='ltr'><strong>nuntius</strong></span> <span class='ocrx_word' id='word_1_278' title='bbox 698 4148 878 4214; x_wconf 83' lang='lat' dir='ltr'><strong>poenitentiae.</strong></span> <span class='ocrx_word' id='word_1_279' title='bbox 1002 4167 1056 4203; x_wconf 86' lang='lat' dir='ltr'><strong>ram</strong></span> <span class='ocrx_word' id='word_1_280' title='bbox 1082 4157 1169 4207; x_wconf 68' lang='lat' dir='ltr'><strong>turris</strong></span> <span class='ocrx_word' id='word_1_281' title='bbox 1195 4158 1374 4224; x_wconf 71' lang='lat' dir='ltr'><strong>aedificandos</strong></span> <span class='ocrx_word' id='word_1_282' title='bbox 1406 4161 1467 4224; x_wconf 85' lang='lat' dir='ltr'><strong>(cir.</strong></span> <span class='ocrx_word' id='word_1_283' title='bbox 1494 4159 1551 4212; x_wconf 85' lang='lat' dir='ltr'><strong>inin</strong></span> 
     </span>
    </p>

    <p class='ocr_par' dir='ltr' id='par_1_9' title="bbox 430 4225 1419 4391">
     <span class='ocr_line' id='line_1_34' title="bbox 462 4225 1419 4308; baseline 0.022 -32"><span class='ocrx_word' id='word_1_284' title='bbox 462 4225 493 4295; x_wconf 76' lang='lat' dir='ltr'><strong>s)</strong></span> <span class='ocrx_word' id='word_1_285' title='bbox 511 4225 618 4294; x_wconf 80' lang='lat' dir='ltr'><strong>Spiritus</strong></span> <span class='ocrx_word' id='word_1_286' title='bbox 633 4227 691 4296; x_wconf 88' lang='lat' dir='ltr'><strong>Dei,</strong></span> <span class='ocrx_word' id='word_1_287' title='bbox 709 4233 726 4282; x_wconf 94' lang='lat' dir='ltr'><strong>i.</strong></span> <span class='ocrx_word' id='word_1_288' title='bbox 741 4247 764 4283; x_wconf 87' lang='lat' dir='ltr'><strong>e.</strong></span> <span class='ocrx_word' id='word_1_289' title='bbox 783 4230 861 4286; x_wconf 87' lang='lat' dir='ltr'><strong>Filius</strong></span> <span class='ocrx_word' id='word_1_290' title='bbox 870 4233 932 4301; x_wconf 82' lang='lat' dir='ltr'><strong>liei,</strong></span> <span class='ocrx_word' id='word_1_291' title='bbox 950 4237 976 4287; x_wconf 89' lang='lat' dir='ltr'><strong>iu</strong></span> <span class='ocrx_word' id='word_1_292' title='bbox 1003 4253 1026 4291; x_wconf 93' lang='lat' dir='ltr'><strong>c.</strong></span> <span class='ocrx_word' id='word_1_293' title='bbox 1045 4237 1061 4289; x_wconf 85' lang='grc'>3</span> <span class='ocrx_word' id='word_1_294' title='bbox 1078 4240 1146 4308; x_wconf 88' lang='lat' dir='ltr'><strong>sqq.)</strong></span> <span class='ocrx_word' id='word_1_295' title='bbox 1165 4238 1274 4292; x_wconf 83' lang='lat' dir='ltr'><strong>llsrmaa</strong></span> <span class='ocrx_word' id='word_1_296' title='bbox 1292 4246 1419 4303; x_wconf 82' lang='lat' dir='ltr'><strong>ostendit.</strong></span> 
     </span>
     <span class='ocr_line' id='line_1_35' title="bbox 430 4309 1083 4391; baseline 0.02 -27"><span class='ocrx_word' id='word_1_297' title='bbox 430 4309 572 4369; x_wconf 80' lang='lat' dir='ltr'><strong>visionibus</strong></span> <span class='ocrx_word' id='word_1_298' title='bbox 589 4331 636 4388; x_wconf 85' lang='lat' dir='ltr'><strong>per</strong></span> <span class='ocrx_word' id='word_1_299' title='bbox 653 4315 757 4390; x_wconf 70' lang='lat' dir='ltr'><strong>figuram</strong></span> <span class='ocrx_word' id='word_1_300' title='bbox 769 4316 901 4375; x_wconf 82' lang='lat' dir='ltr'><strong>Ecclesiae</strong></span> <span class='ocrx_word' id='word_1_301' title='bbox 916 4320 975 4391; x_wconf 75' lang='lat' dir='ltr'><strong>my·</strong></span> <span class='ocrx_word' id='word_1_302' title='bbox 1080 4376 1083 4383; x_wconf 87' lang='grc'>,</span> 
     </span>
    </p>
   </div>
   <div class='ocr_carea' id='block_1_7' title="bbox 0 0 1846 5209">
    <p class='ocr_par' dir='ltr' id='par_1_10' title="bbox 0 0 1846 5209">
     <span class='ocr_line' id='line_1_36' title="bbox 0 0 1846 5209; baseline 0 0"><span class='ocrx_word' id='word_1_303' title='bbox 0 0 1846 5209; x_wconf 95' lang='lat' dir='ltr'><strong> </strong></span> 
     </span>
    </p>
   </div>
  </div>
 </body>
</html>
