3659 5209
643 529 663 585 l.
681 528 863 586 cessaturis
882 529 928 584 Ao
948 529 1022 584 COR.
1040 530 1113 586 xtll.
1131 530 1215 612 utut.
1429 538 1487 605 111

358 782 450 847 XLII.
499 782 587 849 Ordo
618 781 829 844 ministrorum
860 781 894 842 in
925 780 1060 843 ecclesia
1085 800 1105 842 a
1130 781 1254 845 Christo
1284 785 1490 860 constitutum

533 887 683 968 Episcopi
706 893 737 948 et
756 885 896 948 Dicebat
919 885 958 948 ab
982 884 1144 964 Apostotis
1171 887 1321 950 ordinati.

452 1011 590 1093 Apostoli
612 1009 699 1072 nobis
712 988 800 1090 jussu
817 1008 933 1071 Domini
948 1007 1022 1072 Jesu
1039 1008 1149 1071 Christi
1177 1007 1488 1094 'evangelizaverunt

358 1116 453 1179 Jesus
483 1116 616 1178 Christus
641 1116 728 1197 jussu
759 1112 822 1175 Dei.
869 1112 978 1175 Missus
1009 1121 1055 1176 est
1085 1114 1176 1195 igitur
1205 1113 1338 1177 cbristus
1370 1134 1386 1178 a
1413 1102 1487 1199 Deo,

359 1228 392 1285 et
416 1221 552 1303 Apostoli
581 1239 599 1282 a
626 1219 763 1293 Christ03
798 1223 826 1279 et
856 1217 965 1280 factum
997 1225 1043 1280 est
1075 1225 1231 1299 utrumque
1262 1218 1415 1281 ordinatim
1449 1240 1489 1283 ex

359 1325 514 1388 voluntate
538 1325 602 1386 Dei.
647 1322 750 1403 ltaque.
772 1288 901 1402 acdeptis
926 1322 1079 1402 mandatis,
1104 1329 1132 1384 et
1154 1342 1209 1404 per
1234 1325 1488 1388 resurrectionem

357 1430 480 1493 Domini
510 1428 606 1491 nostri
628 1427 702 1491 lesu
726 1426 834 1488 Christi
865 1424 994 1509 '²plena·
1011 1426 1188 1490 certitudine
1220 1428 1339 1508 imbuti,
1371 1429 1488 1510 Deique

358 1536 457 1598 verbo
480 1530 690 1611 ³confirmati,
721 1528 818 1595 ⁴oum
850 1538 932 1594 certa
956 1533 1080 1614 Spiritus
1111 1535 1205 1597 sancti
1232 1533 1338 1597 fiducia
1370 1536 1487 1618 egressi

357 1647 446 1721 sunt,
478 1639 691 1702 annunciantes
723 1637 811 1720 regni
837 1637 894 1700 liei
925 1639 1092 1701 adventum.
1137 1639 1194 1700 Per
1223 1640 1366 1722 regiones
1397 1641 1488 1723 igitur

357 1751 391 1808 et
421 1744 510 1807 urbes
542 1745 664 1806 verbum
694 1741 919 1825 praedicantes,
952 1744 1094 1826 primitias
1130 1762 1248 1822 earum,
1282 1743 1387 1826 spiritu
1419 1763 1486 1807 cum

307 1922 313 1933 δ
356 1853 554 1934 probassent,
578 1847 823 1913 ⁵constituerunt
847 1844 1037 1930 ⁶episcopos
1060 1855 1090 1909 et
1114 1847 1256 1911 diaconos
1283 1867 1403 1928 eorum,
1434 1849 1485 1930 qui

356 1955 500 2018 credituri
534 1960 626 2016 erant.
681 1952 788 2032 Neque
822 1953 880 2014 hoc
914 1952 1033 2031 quidem
1067 1969 1176 2013 novum
1212 1953 1373 2017 institutum
1409 1951 1482 2031 iuit3

354 2060 456 2124 multis
479 2059 556 2121 enim
581 2063 664 2118 retro
688 2055 798 2118 seculis
822 2054 860 2115 de
883 2054 1031 2135 episcopis
1053 2059 1082 2114 et
1105 2054 1237 2116 diaconis
1262 2057 1402 2138 scriptum
1425 2065 1481 2122 est

354 2165 408 2232 sic
432 2163 510 2224 enirn
535 2159 642 2222 alicubi
665 2157 735 2221 dicit
757 2158 919 2238 scriptura:
947 2151 1156 2220 ⁷oonsta'tuam
1181 2159 1348 2238 episcopos
1374 2182 1481 2226 eoram

353 2271 390 2332 in
407 2267 550 2348 justitio,
575 2271 605 2326 ct
625 2264 781 2326 diaconos
803 2281 911 2324 corum
938 2263 971 2324 ia
991 2263 1062 2342 fide.

353 2458 453 2522 XLlll.
492 2456 593 2520 Moses
616 2456 689 2518 olim
706 2455 929 2518 contentionem
945 2454 983 2515 de
998 2453 1192 2516 sacerdotali
1208 2452 1360 2533 dipsitcle
1373 2432 1479 2516 *tam

850 2560 983 2622 sedavit.

443 2681 480 2746 Et
503 2683 572 2764 quid
596 2681 717 2760 mirum,
748 2683 789 2761 si,
821 2682 927 2763 quibus
956 2682 986 2743 in
1010 2681 1128 2745 Christo
1150 2699 1167 2743 a
1190 2681 1256 2743 Deo
1284 2680 1342 2744 lroc
1371 2698 1477 2744 munus

353 2785 570 2849 ⁸oommissum
586 2787 649 2865 luit,
672 2785 840 2867 praedictos
857 2787 1086 2870 constituerint?
1110 2785 1348 2867 quandoquidem
1372 2786 1477 2847 beatus

352 2892 487 2973 Moyses
511 2885 640 2970 ⁹fidala's
663 2908 774 2952 aeroas
796 2892 829 2952 in
851 2891 1003 2953 universa
1024 2891 1123 2966 domo,
1152 2884 1176 2926 ¹⁰
1186 2891 1293 2967 omnia,
1320 2907 1398 2970 quae
1421 2889 1477 2969 ipsi

352 2994 490 3056 mandata
524 3002 622 3073 erant,
654 2996 683 3056 in
713 2995 806 3057 sacris
835 2995 918 3057 libris
947 2997 1111 3070 notaverit3
1145 3013 1232 3075 quem
1267 2994 1378 3082 caeteri
1400 3011 1477 3074 pro·

351 3101 462 3182 phetae
485 3100 602 3180 sequuti
626 3105 703 3178 sunt,
726 3098 772 3178 iis,
797 3117 873 3180 quae
895 3101 932 3161 ab
955 3100 1021 3180 ipso
1044 3099 1157 3160 sancita
1176 3106 1253 3178 sunt,
1277 3097 1476 3160 testimonium

350 3205 466 3285 pariter
487 3203 688 3284 perhibentes.
732 3202 783 3264 llle
814 3204 907 3282 enim,
940 3222 1007 3265 cum
1039 3203 1192 3266 aemulatio
1223 3222 1277 3285 pro
1307 3202 1476 3265 sacerdotio

351 3308 515 3387 incidisset,
539 3314 569 3368 et
590 3308 684 3369 tribus
707 3307 785 3369 inter
807 3325 841 3369 se
865 3307 1071 3387 dissentirent,
1100 3327 1244 3388 quaenam
1267 3308 1381 3369 illarum
1403 3307 1476 3390 glo-

350 3411 435 3474 rioso
468 3410 519 3473 illo
550 3412 670 3474 nomine
703 3410 835 3475 ornanda
869 3418 967 3491 esset,
1006 3410 1027 3450 ¹¹
1040 3413 1130 3494 jussit
1159 3411 1324 3476 duodecem
1348 3413 1474 3475 tribuum

386 3585 415 3647 8)
434 3585 616 3654 Moravbr'aree
652 3581 688 3633 lta
707 3597 738 3633 er
757 3581 801 3634 lis.
822 3583 897 3636 resti·
927 3583 1013 3649 (llum.
1031 3600 1053 3635 c.
1069 3582 1112 3648 1⁷)
1130 3583 1156 3635 b.
1170 3581 1287 3636 Clemens
1304 3582 1391 3649 adjicit
1405 3597 1473 3635 non-

348 3672 396 3723 tuit
409 3669 553 3723 Wcttonas.
585 3667 674 3720 lunius
691 3668 759 3721 mala
775 3669 839 3738 legit
854 3688 899 3718 πι-
927 3669 1012 3721 nullas
1033 3671 1232 3722 circumstantias
1249 3670 1384 3722 admodum
1401 3672 1473 3723 veri-

347 3755 480 3814 στεὺοντες.
510 3755 560 3808 Cir.
574 3755 621 3808 Tit.
637 3756 704 3823 1‚3:
725 3754 750 3805 ἓν
762 3753 898 3824 κηρύγματι,
926 3756 1032 3820 similes,
1051 3764 1127 3825 atque
1140 3765 1168 3808 ut
1181 3757 1283 3810 videtur
1298 3757 1426 3810 desumtas
1442 3775 1474 3809 ex

346 3840 363 3894 8
381 3840 527 3908 ἐπιστεύθην
544 3839 590 3911 ἐγώ
601 3837 655 3892 κατ’
665 3839 780 3909 ἐπιταγήν
791 3844 836 3891 τοῦ
848 3860 898 3890 σω·
926 3842 1099 3894 Hebraeorum
1117 3844 1303 3896 traditionibus.
1334 3841 1396 3893 Cum
1409 3857 1472 3894 vero

346 3932 417 3997 τῆρος
434 3926 502 3993 ἡμῶν
521 3929 591 3979 Θεοῦ.
927 3928 1061 3981 duodecim
1074 3931 1157 3999 virgas
1170 3932 1250 3998 ponit,
1268 3930 1358 3983 eadem
1371 3929 1397 3977 in
1409 3941 1472 3978 aeu-

385 4015 417 4082 9)
434 4013 512 4066 Hebr.
532 4014 558 4081 3,
577 4016 601 4067 5.
637 4014 711 4068 llam.
732 4014 773 4081 12,
794 4013 819 4067 7.
926 4016 1005 4067 tentia
1032 4025 1148 4069 versatur
1178 4033 1208 4068 ac
1234 4019 1311 4070 Plta'lo
1336 4015 1470 4079 «ladasca,

369 4101 416 4168 10)
438 4099 473 4150 Td
486 4099 669 4170 διατεταγμένα.
688 4100 898 4154 Antebasvocea
925 4101 1040 4159 Lib..lll
1070 4102 1102 4154 (lo
1128 4101 1185 4153 Vita
1212 4100 1290 4153 llosls
1320 4099 1399 4168 (Oplb
1430 4096 1471 4148 od.
1584 4158 1586 4162 ,

346 4186 512 4254 coteleriuss
524 4186 683 4241 Columesius
698 4196 724 4238 et
736 4185 899 4239 Constantius
927 4187 1046 4257 blangey,
1067 4187 1143 4241 ’1.11.
1165 4204 1190 4255 p.
1211 4187 1284 4256 162),
1305 4183 1472 4256 nepaesinae

345 4277 513 4329 inserendum
532 4275 626 4326 ducunt
644 4272 674 4331 ὃς.
702 4279 759 4326 Jac.
925 4273 1021 4341 (Serm.
1029 4272 1089 4326 245.
1100 4272 1214 4342 Append.
1225 4272 1254 4326 T.
1261 4273 1292 4325 V.
1305 4263 1470 4329 ed.Benad.).

365 4361 415 4431 11)
440 4359 587 4415 llelerendo
614 4361 742 4430 virgarum
769 4356 899 4414 bbtoriam
928 4363 1024 4415 Ocrea.
