3659 5209
646 546 666 601 1.
685 543 932 601 senmurum
952 545 1025 601 con.
1044 546 1099 603 xv.
1117 547 1181 603 xrs
1435 556 1477 623 75

347 714 452 770 eutem
475 707 522 785 iis,
545 708 596 797 qui
618 726 683 771 eum
706 708 893 770 simulatione
916 725 1020 788 pacem
1047 706 1181 772 'nolunt
1227 711 1303 775 Dicit
1324 715 1401 778 enim
1418 716 1477 778 ali·

335 795 436 874 subi:
461 808 475 849 ²
485 812 622 892 populus
644 811 814 874 tietantia
835 830 882 873 me
905 813 1059 889 honorat,
1085 832 1139 874 eor
1155 823 1373 880 nutemeorum
1389 821 1478 900 lonpe

349 916 442 979 obest
456 935 477 978 u
492 936 546 978 me.
586 916 627 979 -Et
649 934 772 979 rursus:
797 914 877 979 ³oue
900 935 959 979 suo
984 915 1225 996 benedicebant,
1250 930 1280 982 et
1301 925 1396 984 eorde
1418 943 1477 987 suo

349 1019 618 1082 ⁴maledicebant.
638 1048 641 1053 ·
662 1020 826 1098 littoreas
851 1020 938 1083 dieit:
962 1018 1169 1084 ⁵dilenerunt
1190 1044 1258 1086 eun
1281 1027 1385 1089 inore
1407 1047 1476 1107 suo,

350 1134 383 1188 et
405 1126 515 1204 ttnpun
538 1143 598 1188 suo
620 1125 740 1187 mentiti
762 1132 838 1186 sunt
859 1127 911 1186 ei.-
941 1143 997 1188 cor
1020 1136 1122 1188 autem
1146 1148 1253 1190 eorum
1277 1149 1340 1193 non
1362 1141 1479 1193 rectum

349 1249 422 1292 eum
445 1248 500 1305 eo,
531 1248 589 1291 neo
619 1230 729 1310 fideles
760 1228 860 1290 labili
887 1231 1018 1290 suntin
1042 1238 1223 1295 testamento
1247 1236 1323 1313 ejus.
1369 1230 1480 1297 ⁶Mutu

348 1336 431 1414 fiunt
453 1334 540 1395 lubio
562 1334 695 1411 dolosa,
721 1328 775 1395 'et
796 1334 960 1411 disperdet
974 1333 1127 1397 Dominus
1144 1339 1296 1398 universo
1312 1337 1398 1400 lobia
1420 1340 1479 1400 do-

350 1439 422 1500 loso
450 1445 480 1498 et
509 1438 647 1517 linpuum
675 1436 925 1517 mapnilopuum,
958 1455 1029 1514 eos,
1064 1441 1118 1517 qui
1141 1442 1308 1503 diruerunt:
1342 1443 1479 1522 linquam

350 1551 497 1604 nostrum
527 1536 799 1622 ⁸mupnifieemns,
832 1540 919 1602 labia
945 1550 1056 1604 nostru
1082 1545 1169 1623 opud
1197 1564 1256 1608 nos
1277 1555 1373 1616 sunt3
1407 1548 1479 1626 puis

349 1655 462 1709 noster
493 1647 637 1708 dominus
669 1645 741 1708 est?
768 1644 918 1725 ·Propter
948 1646 1107 1709 miseriam
1137 1649 1263 1730 inopum
1286 1658 1316 1710 et
1335 1650 1479 1729 pemitum

347 1769 528 1830 pauperum
548 1770 631 1813 nune
653 1768 837 1830 ensurpum,
863 1750 941 1810 elicit
961 1751 1115 1814 Dominus
1125 1773 1137 1826 ;
1157 1774 1274 1834 ponam
1298 1771 1350 1815 eos
1366 1753 1399 1814 in
1422 1772 1478 1816 so·

350 1856 473 1927 lutari3
495 1856 686 1934 confidenter
709 1872 800 1935 apum
823 1872 892 1917 eum
915 1849 1013 1917 ⁹tttts.

578 2147 654 2211 Xlll.
702 2145 845 2211 Christus
868 2147 1040 2228 exemplum
1061 2149 1252 2215 humilitatis.
1343 2160 1351 2173 ‘

445 2268 577 2332 Christus
600 2270 677 2332 enim
701 2288 805 2333 eorum
828 2277 884 2349 est,
907 2272 960 2351 qui
981 2271 1128 2334 humiliter
1152 2271 1188 2333 de
1204 2289 1237 2333 se
1254 2274 1392 2351 sentiunt,
1417 2292 1475 2337 non

352 2393 471 2452 eorum,
495 2376 544 2454 qui
567 2393 656 2456 supra
679 2393 804 2458 gregem
824 2377 894 2457 ejus
910 2394 979 2438 sese
995 2373 1130 2437 efferunt.
1173 2371 1196 2412 ¹⁰
1208 2375 1362 2457 Seeptsum
1379 2378 1476 2458 maje-

353 2479 440 2542 statis
455 2479 521 2557 Dei,
544 2479 686 2542 Dominus
710 2487 813 2542 noster
827 2479 917 2542 lesus
934 2480 1078 2559 Christus,
1101 2493 1161 2542 non
1182 2482 1264 2542 venit
1287 2482 1315 2542 in
1335 2481 1476 2561 jactantia

353 2585 515 2665 superbiae
538 2591 566 2646 et
590 2585 789 2666 arrogantiae,
816 2582 985 2665 ¹¹quemvis
1003 2587 1149 2666 potuerit;
1176 2586 1230 2647 sed
1255 2587 1283 2646 in
1309 2585 1477 2662 humilitate,

351 2695 444 2771 prout
466 2688 589 2769 Spiritus
609 2689 734 2752 Sanctus
758 2687 795 2750 de
818 2706 856 2749 eo
872 2689 1020 2768 ,loquutus
1043 2697 1098 2751 est.
1143 2690 1222 2751 Dicit
1244 2691 1340 2752 enisu:
1369 2685 1394 2726 ¹²
1409 2689 1477 2751 Do·

350 2797 446 2867 mine,
469 2795 539 2873 quis
562 2795 698 2856 eredidit
719 2793 828 2855 nuntio
851 2794 987 2856 nostro?
1031 2793 1074 2854 Et
1095 2793 1256 2855 maelium
1272 2793 1402 2855 Domini
1425 2793 1477 2853 oui

350 2901 522 2962 revelatum
546 2899 619 2960 est?
665 2897 934 2960 Annunoiueimue
958 2917 1065 2960 eorum
1087 2898 1176 2977 ipso:
1209 2898 1301 2977 quusi
1321 2898 1477 2974 paruulus

353 3013 412 3081 eet,
436 3004 518 3066 sieut
538 3004 638 3065 rodim
660 3005 694 3064 in
717 3003 962 3075 terro¹sitienti3
986 2999 1087 3064 ¹³non
1111 3010 1159 3063 est
1179 3003 1299 3080 speeies
1318 3003 1356 3077 ei,
1381 3020 1478 3081 neque

351 3109 480 3190 pterim
511 3116 541 3169 et
562 3109 697 3170 uidimus
719 3127 806 3184 eum,
837 3116 867 3169 et
888 3127 953 3170 non
975 3106 1109 3169 lubebat
1129 3109 1276 3186 speeiem,
1300 3125 1397 3186 neque
1420 3107 1477 3168 de-

354 3231 480 3286 corem5
502 3214 559 3274 sen
580 3215 789 3292 speeies-ejus
813 3221 881 3274 erat
904 3213 1113 3287 inhonorata,
1138 3212 1286 3291 deficiens
1307 3230 1384 3290 prae
1405 3211 1480 3290 filiis

352 3317 518 3380 lominum
562 3316 661 3378 Homo
684 3325 740 3392 est,
765 3317 798 3378 in
819 3318 916 3397 pinpo
939 3325 970 3377 et
990 3316 1135 3379 molestia
1154 3316 1299 3394 positus,
1324 3325 1354 3377 et
1374 3316 1479 3378 sciens

351 3421 441 3501 serre
464 3422 620 3495 dolorem·
642 3423 719 3502 quio
743 3419 895 3483 “auerso
917 3428 964 3483 e‘st
982 3422 1084 3502 foetes
1101 3423 1179 3499 ejus,
1203 3421 1348 3498 despecto
1371 3428 1400 3482 et
1418 3437 1479 3496 pro
1591 3485 1596 3491 ,

354 3526 456 3587 nihilo
487 3533 640 3603 reputato.
685 3527 748 3588 Iste
776 3533 908 3604 peccota
938 3534 1049 3587 nostr-u
1079 3533 1204 3605 portat,
1239 3532 1269 3584 et
1293 3543 1354 3602 pro
1389 3521 1480 3584 nobis

356 3633 462 3702 dolet‚·
485 3639 595 3692 einos
618 3632 828 3710 reputavimus
852 3649 921 3691 eum
943 3648 1010 3692 esse
1036 3626 1062 3667 ¹⁵
1076 3631 1184 3692 merito
1208 3629 1242 3688 in
1265 3627 1373 3691 labore
1396 3626 1481 3687 etin

354 3776 414 3836 post
433 3766 538 3817 alterum
558 3764 625 3815 δόλια
644 3774 812 3831 convertens,
831 3783 905 3818 man·
952 3769 996 3832 11)
1016 3766 1120 3817 Hieron.
1140 3765 1233 3834 legisse
1251 3763 1369 3815 videtur:
1396 3759 1481 3835 nntnrp

355 3871 414 3906 cum
433 3852 545 3904 reddidit
562 3853 629 3905 hunc
648 3854 739 3905 locum.
767 3858 858 3906 Worr.
933 3851 1015 3902 molare
1040 3848 1185 3915 δυνάμενος
1211 3852 1288 3903 vertit
1313 3851 1393 3900 enirn:
1422 3864 1482 3902 eum

391 3940 421 4003 8)
439 3939 479 3991 Ex
497 3939 561 3990 LXX
581 3949 606 3991 et
622 3939 701 3990 Clem.
714 3937 786 3989 Alex.
806 3940 907 4007 reponit
932 3943 1019 4009 possit
1038 3942 1133 3992 omitia.

354 4029 491 4082 Davisius
510 4028 697 4093 μεγαλυνυῦμεν.
953 4027 998 4092 12)
1017 4025 1073 4077 lsai.
1093 4042 1117 4077 c.
1135 4026 1168 4076 5³
1187 4033 1276 4077 totum.
1391 4090 1393 4097 Ι

391 4113 420 4176 9)
447 4111 489 4163 Se.
509 4115 657 4178 rpinrnpp
682 4117 731 4162 ete.
767 4109 906 4178 Singularis
952 4113 998 4177 13)
1010 4109 1066 4161 Ὅτι
1078 4121 1137 4163 ente
1150 4108 1194 4159 οὐκ
1206 4110 1297 4161 omittit
1310 4108 1481 4163 Juooisouus

354 4196 559 4265 collective-pso
581 4196 680 4265 plurali.
709 4229 712 4233 -
934 4199 966 4250 ad
984 4198 1060 4248 fidem
1080 4197 1125 4248 tts.

374 4284 424 4352 10)
451 4283 522 4335 lleee
549 4285 639 4336 recitet
663 4285 772 4337 Hieron.
800 4285 825 4334 iu
849 4282 906 4342 Issi.
954 4285 998 4351 14)
1018 4282 1081 4335 Prae
1099 4285 1198 4349 pudore
1215 4297 1262 4333 seu
1281 4279 1313 4331 ob
1334 4277 1430 4341 ulspns.

356 4371 402 4436 52,
422 4369 464 4423 13.
517 4396 520 4401 ·
954 4369 998 4434 15)
1017 4367 1058 4420 Se.
1077 4382 1123 4436 pro
1143 4368 1256 4434 peccatis
1275 4369 1345 4423 ruis.
