3659 5209
299 923 305 931 .
407 827 473 937 Sat,
490 847 612 985 (111)).
633 852 760 932 iam
780 819 1020 972 ‘Quid-qr
1045 784 1154 951 6122·
1176 834 1202 900 ²²
1215 799 1260 925 ῃ)
1287 831 1324 897 ²

565 1028 574 1051 ’
631 1060 679 1173 s.
724 1056 1055 1172 unnnnnnn

527 1263 785 1348 EPtSTOLA
823 1265 1154 1350 onrnoulor.¹

765 1462 918 1473 -—.--

530 1583 550 1644 1.
589 1581 743 1646 salutatio
767 1581 938 1669 Barnabae
961 1584 1002 1645 ad
1020 1586 1150 1665 fratres.

366 1699 500 1779 ²Arete,
524 1695 574 1764 iiiii
597 1710 626 1765 et
647 1705 734 1784 filiae,
758 1706 787 1766 in
810 1704 931 1767 nornine
947 1705 1063 1770 Domini
1081 1707 1175 1770 nostri
1192 1705 1265 1769 Jesu
1283 1704 1405 1783 Christi,

279 1807 329 1889 qui
354 1824 410 1868 nos
436 1805 546 1885 dilexit,
570 1808 599 1869 in
623 1827 708 1889 pace.
746 1810 921 1892 Magnarum
938 1816 967 1869 ct
982 1811 1172 1875 honestarum
1191 1811 1247 1873 Dei
1271 1807 1406 1891 ³aequi-

279 1916 371 1971 tatum
382 1911 602 1972 abundantiam
620 1914 725 1973 sciens
750 1929 818 1972 osse
841 1912 871 1970 in
896 1911 993 1986 vobis,
1014 1929 1103 1992 supra
1120 1913 1238 1976 moduni
1254 1914 1407 1976 exhilaror

280 2014 375 2076 beatis
401 2022 431 2075 et
454 2015 614 2094 praeclaris
638 2014 789 2094 spiritibus
813 2013 932 2089 vestris,
956 2015 1035 2092 quod
1058 2015 1128 2078 ⁴sin
1150 2018 1313 2079 naturalem
1331 2037 1406 2100 gra-

279 2118 352 2179 tiam
377 2117 543 2196 accepistis.
580 2117 704 2196 Propter
729 2115 808 2196 quod
832 2116 988 2197 piuriinurn
1004 2119 1139 2197 gratulor
1154 2120 1232 2197 nihi,
1256 2117 1406 2202 ⁶sperans

278 2220 417 2296 libcrari,
440 2221 507 2299 quia
531 2238 604 2282 vere
627 2219 715 2281 video
738 2219 768 2283 in
791 2223 876 2284 vobis
899 2221 1028 2284 infusum
1045 2224 1180 2304 spiritum
1196 2226 1231 2286 ab
1252 2221 1408 2289 ‘honesto

281 2325 369 2387 fonte
393 2325 464 2402 Dei,
499 2318 589 2387 ⁷curn
612 2342 791 2406 persuasum
815 2327 884 2389 mihi
906 2328 945 2389 sit
974 2326 1049 2406 hoc,
1081 2333 1112 2389 et
1140 2321 1276 2408 ⁸p1cnus
1307 2329 1408 2406 sciam,

321 2460 349 2528 1)
379 2459 517 2526 Epistoianr
547 2459 677 2512 Barnabae
703 2460 834 2526 καθολικήν
895 2463 925 2530 1)
950 2462 977 2515 1η
1001 2476 1094 2532 graeco
1119 2463 1240 2530 scriptum
1264 2462 1342 2515 inisse
1366 2459 1411 2510 οῦ-

281 2546 396 2614 appeliat
407 2549 534 2616 Oriaeaer
545 2556 632 2599 contra
643 2548 710 2600 Cois.
720 2549 740 2614 1,
752 2567 779 2602 n.
789 2549 831 2601 63,
859 2569 905 2606 τως
923 2549 1045 2612 ἔμφυτον,
1070 2549 1086 2599 i.
1107 2564 1130 2599 e.
1156 2552 1246 2609 attiae,
1257 2552 1411 2612 radicatam,

281 2633 310 2685 T.
331 2632 350 2682 1.
370 2649 396 2699 p.
417 2633 467 2683 378
487 2635 527 2685 ed.
547 2634 700 2688 linaearum.
859 2639 974 2706 aratiam
1001 2639 1063 2689 derra
1086 2638 1194 2689 insitam
1221 2644 1246 2689 et
1269 2640 1413 2704 plantatam

318 2720 346 2783 2)
367 2718 466 2770 Initium
485 2719 558 2787 hujus
578 2722 702 2789 epistolae
716 2726 833 2792 antiquae
860 2727 888 2775 ia
913 2725 1002 2774 anima
1021 2723 1109 2788 justi,
1134 2737 1196 2790 ergo
1214 2727 1334 2791 dmum,
1361 2719 1412 2784 jam

281 2808 396 2859 versioni
425 2806 516 2856 letinae
548 2807 642 2859 codicis
670 2806 833 2862 Corbeiensis
860 2807 933 2876 Hugo
948 2807 1083 2858 ideuardus
1096 2816 1170 2859 acute
1185 2806 1305 2872 conjecit.
1334 2803 1412 2855 Simili

282 2893 416 2956 debemur,
430 2895 472 2960 qui
481 2889 586 2960 primam
597 2895 721 2962 epistolae
731 2905 833 2948 nostrae
860 2894 936 2946 nrodo
968 2910 1023 2960 cap.
1053 2893 1087 2944 tx
1116 2890 1161 2956 τήν
1187 2893 1295 2955 ἔμφυτον
1321 2886 1412 2956 doneris

283 2989 383 3048 partem
409 2996 431 3030 c.
459 2980 561 3030 1-17
580 2981 645 3034 inci.
671 2983 783 3033 continet
809 2989 834 3033 et
860 2989 934 3032 vetus
953 2982 1077 3046 interpres
1090 2978 1168 3030 iatine
1184 2977 1307 3030 reddidit:
1326 2987 1409 3031 natu-

282 3076 345 3118 ante
364 3065 478 3117 seculum
497 3066 529 3117 tx
548 3070 706 3135 conscriptus
727 3076 773 3120 est.
807 3068 833 3123 In
859 3070 917 3120 rala
953 3070 1057 3119 donam.
1105 3060 1232 3127 Ἐμφυτον
1266 3061 1338 3130 λόγον
1371 3084 1407 3111 -.-

282 3162 354 3206 textu
385 3167 479 3220 gracco
507 3161 615 3220 quatuor
641 3157 721 3222 prima
752 3157 834 3222 capita
861 3155 971 3206 insitam
1001 3153 1109 3204 veriam
1140 3151 1216 3201 etiem
1245 3150 1270 3200 in
1300 3149 1410 3217 epistole

283 3257 340 3292 curn
367 3238 576 3308 quinti-dimidio
604 3239 702 3292 desunt.
747 3241 834 3308 Argu·
862 3238 887 3290 S.
908 3237 999 3290 Jacobi
1019 3238 1044 3301 1,
1063 3236 1095 3286 21
1115 3237 1236 3304 reperies.

282 3333 368 3378 mente
388 3327 498 3393 capitum
518 3341 532 3376 a
552 3326 634 3390 nobis,
653 3341 704 3378 non
722 3344 737 3378 a
753 3328 835 3380 veteri
896 3326 926 3393 5)
946 3323 996 3376 cfr.
1016 3323 1088 3376 Rom.
1109 3323 1135 3388 t,
1153 3322 1195 3373 21,

283 3413 440 3479 interprete,
459 3413 627 3480 superscripta
647 3408 712 3465 sunt.
896 3411 927 3479 6)
945 3406 964 3462 l.
985 3428 1007 3464 e.
1026 3413 1139 3481 earsyia.
1158 3412 1279 3460 Murano.

318 3497 349 3566 3)
379 3497 398 3550 1.
426 3515 448 3550 o.
476 3501 605 3552 virtutum
630 3517 645 3552 a
672 3503 726 3553 Deo
754 3503 834 3554 data·
897 3499 927 3562 7)
946 3497 1011 3549 iiaie
1030 3497 1073 3548 aiii
1089 3496 1132 3548 hio
1155 3506 1282 3564 punctum
1304 3502 1409 3560 ponunt.

283 3603 354 3639 rrum.
391 3585 481 3638 Procul
507 3585 584 3637 dubio
608 3587 633 3637 in
653 3594 722 3637 textu
740 3600 834 3654 graeco
862 3583 956 3636 Sensus
977 3591 1030 3635 est:
1055 3585 1176 3652 adulor
1192 3583 1260 3634 mitti
1276 3590 1300 3633 et
1317 3583 1410 3634 iaicas

283 3671 418 3739 legebatur
465 3669 640 3732 δικαιωμάτων.
706 3671 835 3734 Ausetano
861 3675 963 3725 moriar
977 3670 1049 3737 [seut
1069 3670 1212 3722 avinculis
1224 3669 1361 3720 liberatam
1373 3667 1411 3719 iri

284 3766 385 3821 autem,
411 3756 478 3826 quod
498 3765 571 3808 vetus
589 3759 714 3824 interpres
733 3773 836 3825 semper
862 3775 947 3828 spero.
968 3761 1060 3806 Ruonc
1077 3756 1104 3805 in
1121 3754 1272 3805 recensione
1292 3752 1410 3803 editionis

285 3841 369 3894 reddit
389 3843 580 3912 „aeqaitaa“,
607 3843 734 3910 duplicem
758 3843 836 3895 habet
861 3844 992 3906 nostrae),
1017 3845 1080 3911 qaia
1103 3830 1178 3894 video
1196 3842 1271 3894 vadis
1289 3842 1411 3908 infusam

285 3944 404 3980 sensum:
423 3931 450 3996 a)
469 3950 502 3979 =
514 3932 641 3999 proditas,
659 3933 755 3998 piatas,
774 3935 834 3985 eir-
861 3931 986 3999 spiritam
996 3930 1054 3990 Dei,
1065 3942 1224 3994 persuasam,
1235 3927 1410 3993 ecaaasiicam

285 4026 348 4082 tas,
368 4019 514 4081 sanctitas,
534 4033 556 4067 o.
575 4033 599 4085 g.
620 4016 693 4067 Rom.
715 4017 739 4081 5,
759 4016 791 4066 18
810 4025 836 4066 et
861 4032 945 4068 meam
970 4015 1040 4083 apud
1057 4030 1106 4066 vos
1123 4013 1344 4080 praedicationem
1362 4004 1412 4056 ⁰0¹⁶

285 4101 328 4151 hic
346 4100 413 4167 opud
431 4098 587 4167 Barnabam‚
608 4102 637 4164 1))
656 4120 691 4150 =
707 4119 835 4170 praecap-
861 4103 948 4170 aratia
965 4102 1097 4168 plurimae
1113 4101 1223 4168 fractae
1241 4097 1345 4148 taliaes.

286 4197 358 4252 tum,
384 4195 413 4237 ut
431 4187 456 4238 in
476 4189 558 4254 capite
578 4189 694 4255 sequenti
712 4186 835 4253 epistolae
897 4185 926 4250 8)
945 4184 983 4236 ita
995 4183 1057 4236 Cod.
1071 4182 1132 4244 Ms.;
1149 4183 1257 4251 plenius
1274 4167 1411 4241 legendum

285 4281 391 4325 nostrae
401 4272 494 4325 abac.
507 4274 530 4337 1,
544 4273 568 4323 6.
587 4271 660 4323 Rom.
672 4271 694 4335 1,
705 4271 747 4323 32.
758 4271 783 4336 2,
794 4270 834 4324 36.
862 4285 920 4322 esse
946 4271 1105 4337 suspicantur
1129 4271 1249 4317 Marsae.
1274 4268 1300 4311 et
1325 4259 1410 4306 010¹·

287 4357 377 4412 Codex
395 4356 440 4408 lis.
459 4358 524 4410 male
541 4357 619 4409 habet
637 4361 776 4427 aequitate·
815 4371 818 4375 ’
863 4353 914 4409 cfr.
932 4357 1117 4421 πληροφορηθεὶς
1135 4351 1207 4402 Rom.
1226 4350 1252 4409 1,
1271 4343 1313 4394 21·

342 4463 408 4504 istm
422 4468 484 4514 apori.
499 4463 536 4504 111.
551 4464 584 4501 iv.
1182 4436 1198 4499 1
