3659 5209
606 514 609 525 '
665 534 899 600 unnrimuus
918 545 1108 601 rmrcsarr
1126 549 1144 603 1
1164 530 1211 603 ns
1427 554 1490 621 275

329 701 334 741 ¹
479 703 500 766 I.
545 705 593 766 De
614 707 764 787 martyrio
786 706 954 787 Polpcarpi
976 717 1007 770 et
1027 711 1186 772 sociorum
1207 710 1381 774 scribimus.

329 810 336 847 ¹
370 808 375 815 “
458 808 635 891 scripsimus
658 812 754 890 vobis,
778 811 897 889 iratres,
920 813 959 874 de
981 815 1157 894 martyribus
1181 822 1212 876 et
1233 815 1271 877 de
1293 816 1382 878 beato
1395 817 1490 900 Poly

329 914 338 971 l
364 927 476 994 carpo,
501 915 549 994 qni
574 917 714 996 martyrio
738 932 811 994 suo,
834 917 916 978 irelut
937 920 1093 1001 signaculo
1118 920 1263 1000 quodam,
1289 925 1490 1002 persecutioni

329 1016 455 1080 ”baem
479 1020 625 1098 imposuit.
669 1020 748 1083 Fere
776 1022 855 1082 enim
885 1029 1005 1100 cuncta,
1036 1041 1112 1102 quae
1143 1034 1390 1104 praecesserunt,
1422 1028 1489 1090 ideo

336 1126 550 1202 ¹evenerunt,
581 1130 612 1185 ut
643 1125 730 1186 nobis
760 1124 903 1188 Dominus
937 1127 1068 1223 desuper
1103 1128 1276 1190 ostenderet
1308 1132 1491 1212 martyrium,

329 1223 531 1308 ·¹Evangelio
555 1246 729 1310 congruum.
773 1227 965 1308 Exspectavit
988 1232 1066 1292 enim
1089 1232 1174 1310 tradi,
1198 1235 1274 1295 sicut
1291 1239 1320 1295 ei
1339 1235 1490 1315 Dominus,

329 1336 347 1423 ¹t
364 1336 397 1392 ut
422 1337 450 1392 et
472 1348 529 1393 nos
553 1332 645 1413 ipsius
669 1349 804 1394 essemus
828 1333 998 1412 imitatores,
1022 1354 1083 1398 non
1106 1337 1203 1399 solum
1224 1345 1325 1400 nostra
1347 1339 1490 1401 conside-

329 1442 347 1483 ¹¹
362 1441 478 1515 rantes,
502 1437 556 1499 sed
580 1444 610 1498 et
632 1457 678 1516 ea,
703 1455 779 1517 quae
803 1437 839 1498 ad
863 1441 1017 1519 proximos
1035 1443 1193 1521 pertinent.
1238 1437 1394 1504 Charitutis
1413 1445 1490 1504 enim

337 1544 458 1602 t'verac
481 1558 516 1603 ac
539 1542 651 1603 solidae
675 1548 736 1622 est,
767 1560 827 1604 non
858 1544 948 1607 modo
980 1563 1014 1607 se
1044 1547 1139 1628 ipsum
1164 1547 1242 1610 velle
1271 1548 1404 1626 servari,
1434 1547 1490 1611 sed

329 1632 454 1709 tetiam
478 1665 582 1712 omnes
606 1646 722 1710 iratres.
783 1700 786 1705 a

645 1839 678 1901 ll.
723 1839 893 1922 Martyrum
915 1841 998 1902 mira
1019 1843 1206 1905 constantia.

344 1974 353 1985 ·
451 1964 541 2027 Beata
576 1968 620 2023 et'
637 1978 788 2044 generosa
819 1960 939 2024 luerunt
970 1970 1075 2025 cuncta
1107 1966 1262 2046 martyria,
1296 1985 1374 2046 quae
1401 1968 1487 2048 juxta

339 2069 547 2133 voluntatem
563 2066 618 2129 Dei
640 2071 814 2128 evenerunt.
857 2064 974 2139 ¹Quum
997 2072 1075 2130 enim
1091 2087 1148 2131 nos
1163 2070 1369 2151 religiosiores
1385 2073 1487 2151 simus,

337 2166 428 2241 lieo
464 2174 592 2236 omniurn
622 2190 722 2234 rerum
750 2176 927 2251 potestatem
951 2167 1179 2236 ²adscribamus
1211 2182 1338 2255 oportet.
1385 2171 1487 2248 ³Quis

337 2282 441 2346 enim
467 2279 698 2362 generositatem
722 2295 826 2339 eorum
850 2283 880 2336 et
901 2277 1124 2356 patientiamet
1146 2297 1218 2360 erga
1235 2279 1389 2340 Dominum
1412 2279 1488 2340 cba-

329 2388 478 2450 'ritalem
501 2402 561 2446 non
585 2382 754 2460 admiretur,
778 2382 827 2461 qui
850 2379 976 2462 flagellis
1000 2382 1075 2444 adeo
1097 2383 1234 2460 lacerati,
1258 2389 1289 2443 ut
1311 2382 1347 2443 ad
1371 2383 1487 2443 intimas

336 2509 462 2572 usque
484 2506 576 2552 venas
608 2495 637 2550 et
667 2488 790 2548 arterias
822 2486 958 2566 corporis
988 2493 1135 2550 structura
1166 2493 1356 2563 cerneretur,
1390 2491 1487 2546 tamen

331 2597 584 2668 sustinuerunt3
608 2593 656 2668 ita,
680 2596 712 2652 ut
734 2591 821 2651 etiam
844 2588 995 2652 adstantes
1018 2592 1232 2653 miserarentur
1254 2599 1283 2653 et
1302 2590 1487 2671 plangerent,

329 2701 416 2785 ipsi
442 2716 518 2761 vero
542 2714 580 2759 eo
604 2695 783 2758 fortitudinis
807 2695 953 2773 venirent,
977 2701 1009 2756 ut
1030 2714 1118 2759 nerno
1143 2696 1380 2785 illorum-neque
1403 2713 1487 2754 mur-

331 2810 494 2869 muraret
509 2819 608 2881 neque
625 2801 844 2883 ingemisceret,
869 2801 1006 2862 omnibus
1023 2801 1226 2879 ostendentes,
1246 2800 1326 2882 quod
1343 2804 1487 2880 martyres

335 2908 472 2977 'christi
494 2908 568 2969 lrora
591 2906 662 2983 ista,
686 2924 744 2985 qua
766 2905 998 2986 torquebantur,
1031 2913 1115 2967 extra
1138 2924 1258 2968 carnem
1282 2904 1407 2980 brerint,
1438 2908 1488 2964 aut

333 2981 479 3101 potius,
515 3011 593 3092 quod
614 3010 768 3072 'Dominus
803 3011 947 3071 assistens
980 3029 1046 3073 cum
1078 3013 1150 3092 ipsis
1182 3018 1263 3073 esset
1295 3007 1486 3071 collocutus?

336 3110 461 3200 Al'qtie
483 3119 519 3180 ad
545 3115 653 3179 Christi
675 3115 800 3196 gratiam
825 3113 1020 3176 adtendentes
1052 3114 1198 3177 mundana
1228 3119 1372 3177 tormenta
1395 3130 1487 3193 sper-

336 3226 487 3299 nebant,
519 3223 606 3283 unios
634 3219 726 3280 horae
756 3218 851 3298 spatio
880 3235 914 3279 sc
948 3219 983 3279 ab
1012 3227 1135 3281 aeterna
1167 3239 1264 3300 poena
1295 3218 1486 3280 redimentes.

329 3298 567 3410 'frigidusque'
589 3326 661 3406 ipsis
692 3322 847 3384 videbatur
877 3322 954 3403 ignis
986 3323 1149 3386 crudelium
1182 3322 1360 3386 carnificum.
1411 3319 1486 3381 Prae
1547 3313 1549 3317 ’

339 3432 456 3498 oculis
489 3432 566 3492 enim
597 3428 745 3490 habebant
774 3425 873 3511 iugum
903 3425 981 3488 illius
1010 3430 1105 3510 ignis,
1137 3429 1188 3509 qui
1218 3435 1357 3490 aeternus
1381 3429 1427 3485 est
1457 3429 1487 3485 et

335 3538 509 3617 utinquam
533 3535 749 3616 exstinguetur,
770 3538 803 3593 et
827 3531 922 3593 oculis
946 3534 1045 3594 cordis
1068 3533 1268 3613 respiciebant
1287 3530 1323 3593 ad
1344 3548 1381 3591 ea
1396 3530 1485 3606 bona,

334 3659 436 3725 quae
461 3644 653 3700 reservantur
676 3634 904 3733 sustinentibus,
936 3632 1045 3714 *quae
1076 3657 1134 3700 nec
1164 3637 1255 3698 ouria
1280 3635 1401 3696 audivit
1428 3650 1486 3693 nec

345 3746 471 3812 oculus
486 3743 575 3819 uidit,
599 3760 679 3821 puae
701 3760 757 3803 nec
779 3743 812 3802 in
836 3759 893 3802 cor
914 3741 1049 3804 bominis
1068 3743 1288 3816 ascenderunt,
1313 3757 1389 3818 quae
1409 3751 1484 3823 vero

342 3868 367 3913 a
393 3848 527 3911 Domino
550 3851 711 3910 monstrata
734 3852 802 3907 sunt
823 3846 876 3924 iis,
909 3852 1011 3927 utpote
1034 3849 1084 3927 qui
1107 3866 1167 3910 non
1190 3836 1325 3909 homiues
1349 3841 1483 3922 amplius,

389 4122 439 4199 21
442 4123 481 4181 tu
497 4120 664 4186 Jscobsonus,
683 4121 725 4189 qui
744 4118 825 4170 multis
844 4119 907 4169 locis
935 4120 993 4186 pitis
1012 4121 1104 4171 dictum
1124 4127 1177 4183 ast,
1203 4119 1323 4184 martyrii
1341 4115 1385 4168 illa
1402 4115 1478 4167 fuisso

347 4202 454 4267 tutum
474 4226 488 4262 e
508 4210 597 4262 codice
611 4207 801 4259 vindobonensi
816 4214 906 4257 em'eu·
934 4205 1007 4257 beata
1026 4215 1052 4256 et
1070 4209 1203 4275 generose.

347 4298 436 4352 davit.
816 4322 820 4329 ·
969 4293 998 4362 ll
1017 4293 1029 4346 l
1046 4293 1105 4347 Cor
1124 4294 1150 4358 2,
1166 4292 1194 4343 9.

389 4384 422 4452 3)
441 4381 564 4436 Probatur
581 4397 662 4448 nunc,
682 4381 749 4450 quod
766 4381 839 4433 initio
858 4396 906 4433 cu·
956 4402 958 4407 ·
1155 4468 1157 4472 Δ
1205 4462 1274 4529 18*
