3659 5209
328 597 330 604 .
434 567 498 630 342
673 554 811 609 mannae
830 550 965 607 aasroa.
1002 549 1099 603 erasa
1118 548 1136 602 1.
1173 546 1261 602 visro
1279 546 1325 601 ιν.

912 711 999 792 iisio
1027 707 1078 791 li.

505 897 553 958 D'e
576 893 747 957 tentatione
770 900 800 952 et
822 888 1027 951 tribulatione
1050 887 1228 951 dominibus
1249 894 1497 967 superventuro.

519 1037 540 1099 i.
574 1037 727 1099 Visionem
744 1031 814 1111 vidi,
839 1030 957 1108 iratres,
979 1034 1047 1112 post
1064 1026 1127 1089 dies
1145 1026 1250 1108 viginti
1265 1027 1420 1108 pristinae
1438 1028 1563 1106 visionis,

312 1201 323 1216 ,
434 1145 561 1227 figuram
594 1137 814 1203 ¹tribuiationis
846 1143 1093 1216 superventurae.
1138 1128 1361 1193 Proficiscebar
1395 1133 1427 1194 in
1453 1133 1564 1195 illaria

435 1246 627 1328 ²Campana3
660 1246 747 1307 avia
778 1246 875 1303 autem
907 1241 1023 1321 publica
1054 1239 1084 1299 in
1109 1229 1243 1298 '³villam
1274 1243 1347 1299 sunt
1380 1236 1450 1300 fere
1480 1238 1564 1301 stadia

435 1353 548 1416 decem.
578 1350 657 1413 Raro
680 1354 779 1411 autem
803 1347 859 1407 iter
881 1345 912 1406 fit
935 1364 990 1426 per
1012 1344 1111 1406 locum
1133 1340 1224 1402 illum.
1255 1339 1293 1402 Et
1312 1342 1403 1406 solus
1421 1343 1564 1406 ambulans

434 1430 578 1540 rogabam
594 1455 761 1531 Dominum,
784 1458 816 1514 ut
839 1449 1041 1512 revelationes
1066 1450 1142 1529 ejuS‚
1165 1461 1240 1526 quas
1262 1446 1337 1509 mihi
1363 1448 1501 1511 ostendit
1517 1467 1565 1531 per

435 1567 566 1626 sanctam
583 1560 741 1622 ecelesiam
757 1575 850 1634 suam,
868 1554 1070 1630 confirmaret,
1087 1558 1116 1613 et
1132 1551 1216 1612 daret
1232 1551 1457 1631 poenitentiam
1474 1554 1564 1616 omni·

434 1669 490 1730 bus
515 1645 709 1748 servis'suis,
733 1662 782 1741 qui
806 1656 1027 1721 ⁴soandatizati
1051 1661 1135 1731 sunt;
1157 1658 1194 1718 ut'
1212 1654 1441 1719 honorificetur
1463 1675 1562 1720 nomen

437 1773 503 1853 eJus
527 1786 663 1848 magnum
689 1772 718 1827 et
741 1757 954 1838 honorificum3
979 1759 1046 1840 ὅθί,
1069 1761 1136 1842 quia
1160 1758 1358 1842 me‘dignum
1382 1763 1563 1838 existimavit

435 1881 469 1937 ut
488 1871 662 1936 ostenderet
678 1871 746 1932 mihi
763 1870 903 1932 mirabilia
928 1887 991 1946 sua,
1015 1874 1045 1929 et
1061 1885 1127 1928 eum
1143 1865 1391 1945 honorificarem,
1418 1873 1449 1929 et
1464 1868 1562 1950 gratias

437 1995 569 2060 agerem.
615 1976 775 2056 Tamquam
798 1993 860 2037 vox
884 1975 953 2035 mitri
976 1970 1158 2054 respondite
1176 1989 1233 2049 „no
1257 1970 1404 2051 dubites,
1429 1972 1560 2034 Hermnt‘

436 2083 514 2146 Intra
533 2100 579 2143 mo
595 2099 670 2163 ergo
687 2082 774 2162 coepi
790 2081 925 2162 cogitare
942 2086 971 2141 et
989 2079 1107 2178 dipere:
1125 2092 1203 2157 „ego
1221 2075 1292 2155 quid
1310 2075 1414 2139 habeo
1429 2077 1561 2156 dubitare,

437 2189 480 2250 sio
503 2185 642 2248 fundatus
658 2205 675 2247 a
692 2186 828 2264 Domino,
852 2192 882 2247 et
905 2185 955 2266 qui
978 2183 1038 2246 vidi
1060 2180 1240 2244 honorificas
1255 2181 1358 2242 res?“
1385 2181 1561 2266 Progressus

436 2310 502 2356 sum
527 2292 685 2373 paululum,
710 2290 827 2369 iratres,
852 2296 879 2351 et
903 2308 976 2351 ecee
993 2288 1081 2352 video
1097 2287 1251 2368 pulverem
1268 2303 1371 2367 usque
1389 2288 1428 2350 ad
1447 2288 1560 2351 eoelum.

376 2377 378 2382 ³
439 2397 533 2478 Coepi
557 2397 658 2459 dicere
681 2395 757 2456 intra
780 2415 843 2456 me:
869 2395 1030 2475 „numquid
1050 2396 1183 2476 jumenta
1206 2391 1342 2471 veniunt,
1370 2399 1403 2454 et
1418 2394 1561 2476 pulvorem

439 2502 614 2563 excitant?“
660 2501 794 2563 Distabat
826 2485 922 2561 autem
946 2520 963 2563 a
987 2518 1034 2561 me
1063 2505 1209 2578 tamquam
1241 2495 1381 2560 stadium.
1430 2498 1467 2561 Et
1490 2515 1560 2574 ecca,

435 2604 523 2666 video
540 2605 633 2687 magis
650 2605 806 2688 magisque
823 2604 975 2684 pulverem
992 2609 1216 2684 exsurgentem,
1239 2598 1316 2663 adeo
1333 2608 1369 2663 nt
1385 2606 1558 2686 suspicarer,

436 2706 505 2770 es'se
529 2700 637 2791 aliquid
662 2708 808 2770 divinitus.
843 2704 1323 2786 'Pusillum'a'utem'resplenduit
1348 2708 1417 2787 sol,
1443 2715 1557 2770 eterra

434 2813 524 2876 video
548 2815 672 2875 bestiam
695 2832 829 2895 magnam
854 2814 946 2876 voluti
961 2809 983 2850 '⁶
997 2819 1113 2891 cetum,
1142 2816 1171 2872 et
1194 2829 1234 2872 ex
1256 2827 1311 2872 ore
1336 2804 1409 2893 eJ'us
1432 2813 1557 2876 locustae

434 2917 542 3000 igneae
566 2917 775 2999 procedebant.
815 2917 885 2980 Erat
908 2925 1005 2980 autem
1029 2923 1140 2980 statura
1162 2916 1276 2977 bestiae
1292 2914 1374 2978 iilius
1391 2917 1487 2999 pedes
1502 2917 1557 2979 iere

434 3016 561 3101 eentum,
586 3016 792 3106 caput'autem
816 3023 943 3105 habebat
965 3010 1111 3104 tamquam
1134 3038 1188 3084 vas
1211 3019 1323 3082 urnaie.
1372 3021 1469 3104 Coepi
1493 3022 1556 3084 dere

435 3128 630 3190 ret-invocare
648 3127 814 3204 Dominum,
837 3135 869 3189 ut
892 3146 940 3189 me
963 3127 1104 3189 liberaret
1127 3125 1162 3187 ab
1187 3124 1243 3186 iila.
1277 3118 1399 3187 Deinde
1414 3129 1555 3191 recorde-

433 3235 479 3293 tus
502 3248 567 3292 sum
590 3229 795 3310 verbi,'quod
820 3230 985 3293 audieram:
1011 3250 1070 3311 „ne
1092 3231 1225 3308 dubites,
1249 3217 1398 3292 Hermass'
1442 3232 1555 3295 Indutus

320 3340 330 3359 ‘
434 3354 519 3419 ergo,
543 3335 661 3414 tratres,
685 3335 771 3397 iidem
788 3336 853 3414 Dei,
877 3343 906 3397 et
927 3342 1115 3425 memoratus,
1139 3335 1205 3415 quis
1222 3334 1322 3396 docuit
1338 3353 1389 3397 me
1404 3338 1555 3421 magnalia,

432 3440 578 3503 audenter
599 3440 628 3500 in
652 3440 775 3502 bestiam
799 3459 846 3503 me
863 3440 984 3504 tradidi.
1027 3441 1075 3505 Sio
1098 3447 1195 3502 autem
1219 3439 1361 3501 veniebat
1384 3441 1555 3517 hostiatim,

433 3547 473 3607 ita
496 3551 528 3607 ut
549 3551 654 3626 posset
676 3546 705 3606 in
729 3547 787 3608 ictu
811 3547 959 3608 civitatem
983 3546 1094 3608 delere·
1124 3545 1199 3635 Veni
1221 3560 1317 3624 prope
1340 3544 1435 3624 illam,
1461 3554 1555 3609 ettam

432 3648 553 3745 grandis
578 3648 671 3711 bestia
696 3649 828 3711 extendit
851 3668 885 3712 se
908 3652 1079 3728 interram,
1103 3654 1133 3710 et
1154 3645 1225 3709 nihii
1247 3648 1305 3708 nisi
1323 3647 1467 3731 ¹linguam
1487 3668 1556 3732 pro·

469 3785 496 3854 1)
515 3780 712 3838 Tribulationem
727 3785 843 3855 intelligit
861 3788 906 3838 sub
921 3788 977 3840 Do·
1040 3787 1069 3855 5)
1089 3783 1226 3837 Construo:
1255 3787 1380 3849 oratorie,
1412 3797 1444 3840 ut
1471 3787 1511 3855 [et
1535 3789 1556 3837 ir

432 3873 545 3924 mitione.
570 3877 658 3925 Oxou.
677 3877 754 3924 Eorr.
1006 3871 1149 3943 posteram]
1168 3874 1233 3925 mitri
1249 3872 1387 3925 spirabilia
1402 3890 1458 3927 eren
1470 3885 1555 3928 oeten·

467 3960 496 4023 2)
516 3959 534 4010 i.
554 3976 577 4011 e.
597 3963 693 4030 Appio,
718 3976 782 4029 quae
803 3959 893 4013 Cumae
913 3960 978 4027 (Vis.
1006 3963 1094 4024 deret,
1130 3962 1192 4028 quio
1225 3956 1339 4024 [adhue]
1376 3977 1419 4013 ene
1456 3965 1556 4030 erma

431 4045 463 4111 li,
485 4047 512 4116 1)
531 4047 608 4097 ducit.
1007 4048 1180 4101 existimavit.
1217 4042 1352 4096 Gattandio
1377 4050 1461 4116 magis
1478 4048 1556 4117 piacet

465 4128 494 4200 3]
513 4132 563 4184 Cir.
584 4132 633 4184 Vis.
653 4132 695 4199 ΙΙΙ,
717 4133 747 4185 1:
767 4138 795 4188 ia
814 4153 914 4205 aprum.
1007 4134 1082 4185 lectio
1101 4132 1178 4184 Felti:
1203 4133 1239 4184 Et
1258 4150 1338 4200 quum
1356 4137 1555 4204 maererent-m

466 4221 497 4288 4)
539 4217 735 4286 Σκανδαλίζομαι
779 4242 814 4272 z
859 4239 906 4290 per
924 4238 978 4286 are,
1007 4229 1032 4274 et
1046 4222 1149 4289 prutina
1165 4234 1276 4288 agerem,
1294 4227 1430 4290 tamquam
1446 4230 1555 4276 eooeetc.

432 4309 593 4374 delinquere,
638 4304 666 4360 in
709 4324 817 4362 errores
853 4240 978 4362 incidere.
1040 4305 1068 4372 6)
1089 4303 1235 4371 Cimdpoe.
1252 4304 1329 4371 11,Ὶ.
1350 4306 1554 4376 12‚3.1³‚1rq.

432 4390 606 4450 Soeeausrra.
639 4389 647 4404 '
788 4386 791 4395 '
888 4399 909 4411 '¹
1007 4392 1050 4460 1⁷,
1068 4393 1136 4467 8sq.
1157 4399 1183 4444 et
1200 4392 1356 4463 drotmanni
1373 4409 1400 4469 p.
1420 4394 1464 4448 58.
1483 4395 1523 4449 ⁵9.
