3659 5209
329 568 350 623 a.
370 562 581 637 mucuns]
713 614 717 623 ,
761 565 1018 622 noannoeane.
1373 571 1452 627 rum

366 726 412 814 β)
435 729 500 792 Neo
529 730 622 811 capita
646 726 913 795 XXlll-XXVlll
943 746 961 789 a
991 728 1117 793 consilio
1148 727 1307 795 Clementis
1335 740 1451 797 remota

435 839 513 896 sunt.
557 833 798 897 Resurrectionis
815 833 892 894 enirn
909 832 1048 895 Clemens
1065 840 1115 896 aut
1131 834 1199 899 ideo
1215 838 1354 916 meminit,
1370 839 1450 919 quia,

367 932 370 937 ’
436 943 512 1000 teste
527 938 539 1001 l
555 939 623 1002 Cor.
643 935 693 1017 15,
712 935 772 1015 ta,
795 938 929 1000 nonnulli
952 936 1174 1002 Corinthiorum
1199 943 1451 1004 resurrectionem

436 1051 619 1107 mortuorum
640 1044 809 1125 negabant3
832 1047 882 1104 aut
904 1041 983 1121 ideo,
1007 1049 1038 1106 ut
1062 1061 1107 1122 ea,
1131 1061 1209 1124 quae
1231 1043 1342 1107 Noster
1363 1064 1389 1108 c.
1410 1045 1449 1112 21

437 1157 467 1212 et
493 1145 534 1212 22
559 1149 599 1211 da
617 1149 724 1231 poenis
746 1147 948 1229 improborum
972 1146 1099 1227 dixerat,
1122 1150 1332 1231 probarentur.

373 1251 415 1339 y)
433 1251 541 1367 Capita
564 1253 736 1315 XL-XLV
759 1259 863 1334 aperte
887 1252 917 1315 id
941 1259 1050 1336 agunt,
1077 1260 1109 1316 ut
1132 1254 1321 1332 Corinthios,
1351 1261 1455 1318 contra

433 1319 553 1420 'clerum
576 1357 767 1435 rebellantes,
790 1357 827 1419 ad
853 1357 1043 1420 concordiam
1066 1362 1096 1418 et
1118 1359 1335 1440 subjectionem
1360 1377 1455 1422 revo-

439 1468 550 1525 carent.
606 1461 723 1543 Optirne
761 1463 852 1545 igitur
895 1462 1021 1525 consilio
1059 1461 1220 1525 Clementis
1260 1453 1456 1544 respondent,

371 1572 375 1581 '
439 1567 585 1648 simulque
607 1568 773 1629 arctissime
795 1585 862 1629 cum
885 1567 1030 1648 capitibus
1054 1564 1095 1630 37
1120 1574 1150 1629 et
1172 1564 1215 1630 38
1240 1566 1412 1630 cohaerent.

374 1670 417 1758 d)
442 1672 536 1754 Caput
557 1654 752 1753 deniquebV
772 1672 814 1733 nil
838 1672 895 1734 nisi
919 1670 1054 1754 exempla
1078 1673 1144 1754 ejus
1164 1672 1315 1735 charitatis
1331 1672 1456 1755 proteri,

441 1777 478 1840 de
502 1795 560 1858 qua
584 1779 680 1858 capite
702 1776 893 1839 antecedenti
916 1777 1009 1839 verba
1032 1776 1151 1839 fiebant.

375 1880 413 1966 a)
435 1882 530 1945 Porro
547 1881 688 1943 nonnulla
705 1882 809 1962 capita,
823 1881 989 1944 llosbemio
1005 1881 1181 1962 diplicentia,
1194 1883 1256 1964 jam
1269 1901 1285 1943 a
1298 1881 1456 1944 Veteribus

438 1986 595 2051 laudantur
619 1993 648 2047 et
670 1986 808 2061 citantur,
833 2004 858 2046 e.
883 2003 913 2065 g.
937 2003 962 2046 c.
985 1985 1035 2049 LV
1057 1987 1093 2046 ab
1110 1984 1244 2066 Origene
1266 1985 1456 2065 intonant,

441 2089 501 2167 29;
524 2107 549 2151 c.
572 2090 655 2152 XXV
675 2108 692 2150 a
715 2087 826 2170 Cyrillo
850 2086 968 2148 Hieros.
990 2086 1109 2150 Catecb.
1135 2086 1190 2165 18,
1207 2086 1237 2152 8.
1600 2144 1602 2151 .

380 2191 420 2280 ζ)
445 2193 548 2258 Omnia
572 2195 666 2274 capita
689 2190 861 2255 indubium
885 2198 990 2255 vocata
1013 2193 1044 2254 in
1059 2191 1263 2272 antiquissimo
1286 2190 1335 2255 illo
1351 2191 1457 2255 codice
1513 2278 1518 2290 .
1600 2226 1606 2233 -

443 2297 647 2361 Alexandrino
670 2298 869 2378 reperiuntur.

379 2401 419 2491 η)
443 2405 538 2480 Ouum
562 2404 685 2487 epistola
704 2402 864 2465 Clementis
887 2402 1006 2485 publice
1022 2401 1052 2463 in
1069 2400 1207 2462 ecclesiis
1223 2401 1458 2481 praelegeretur,

441 2511 492 2572 vix
514 2509 578 2572 lieri
601 2515 728 2590 poterat,
747 2514 783 2568 ut
806 2508 985 2570 abbornine
1009 2507 1145 2587 improbo
1174 2505 1355 2568 foedaretur.

372 2611 421 2698 o)
444 2614 517 2696 styli
541 2613 742 2676 adorationis
766 2612 924 2677 diversitas
952 2614 1055 2676 nullibi
1077 2614 1108 2676 in
1134 2612 1261 2694 epistola
1288 2615 1391 2672 nostra
1415 2613 1460 2671 est

426 2722 429 2727 '
443 2718 630 2800 reperienda.

422 2824 468 2885 Vl.
513 2823 725 2885 Recentinrurn
757 2829 925 2903 temporum
956 2822 1012 2884 viri
1039 2821 1120 2890 docti
1151 2828 1181 2883 et
1212 2820 1401 2882 authentiam
1431 2822 1462 2879 et

330 2929 543 3008 intepritotcm
559 2927 669 3008 primae
685 2925 845 2990 Clementis
858 2926 1002 3007 epistolae
1015 2926 1051 2988 ad
1063 2947 1152 2989 unum
1166 2945 1270 2990 ornnes
1283 2928 1460 3006 agnoscunt,

332 3040 363 3095 et
387 3033 466 3094 nulla
486 3034 547 3116 jain
571 3031 695 3114 gravior
718 3031 861 3093 dubitatio
886 3031 942 3092 bac
965 3031 1004 3092 de
1026 3050 1061 3094 re
1083 3040 1229 3095 movetur.
1271 3030 1364 3105 Quem
1382 3029 1460 3091 enim

331 3138 424 3200 lateat
446 3138 596 3218 primaeva
619 3136 806 3218 simplicitas,
838 3152 895 3218 qua
927 3144 1067 3216 ornatur,
1098 3115 1272 3220 evangelica
1305 3135 1460 3215 sapientia,

335 3260 395 3322 qua
419 3242 547 3316 excellit,
570 3243 733 3324 apostolica
757 3243 956 3323 praedicatio,
980 3259 1067 3322 quana
1091 3250 1178 3304 sonat
1202 3242 1277 3302 baec
1300 3240 1460 3302 Clementis

334 3345 488 3428 epistola?
533 3346 640 3408 Nonne
673 3349 737 3408 viro
770 3347 935 3428 apostolico
965 3366 999 3408 ea
1023 3365 1059 3409 se
1081 3348 1204 3428 praebet
1230 3344 1460 3424 dignissimam?

334 3451 442 3515 Ornata
465 3469 539 3512 sane
562 3453 589 3512 ei
613 3452 781 3515 authentiae
812 3452 919 3513 indicia
952 3452 1067 3516 adsunt.
1114 3451 1192 3514 Audi
1215 3451 1390 3513 Wottonurn
1411 3446 1458 3531 ¹]:

331 3555 373 3619 In
397 3555 471 3632 itta,
505 3557 616 3636 inquit,
648 3575 721 3632 non,
741 3559 883 3620 violator·
915 3561 1066 3637 temporis
1097 3558 1201 3633 ratio,
1235 3557 1316 3618 nibil
1348 3563 1462 3618 contra

334 3657 538 3745 (antiqu-nn)
576 3661 725 3733 ecclesiae
749 3663 967 3740 ‘disciplinam
1002 3662 1198 3732 institutam
1236 3659 1316 3721 nibil
1351 3666 1463 3721 contra

334 3764 511 3826 doctrinam
534 3767 739 3827 christianam
751 3768 948 3845 praecipitor
956 3788 968 3841 ,·
990 3768 1090 3845 stylus
1107 3785 1145 3827 ac
1160 3765 1286 3827 dicendi
1302 3765 1463 3827 inetbodas

331 3869 481 3948 praebito
514 3872 667 3937 accedant
696 3871 739 3932 ad
768 3871 890 3957 Nonum
925 3873 1164 3946 Testamentum,
1196 3888 1293 3950 neque
1327 3867 1460 3948 aliquid,

336 3974 423 4054 qood
446 3992 509 4036 non
532 3983 578 4036 est
599 3975 732 4037 maxime
747 3977 818 4038 niro
836 3979 1011 4056 apostolico
1027 3978 1165 4056 dipnnnr,
1190 3976 1224 4036 in
1243 3993 1280 4036 eo
1295 3973 1462 4064 repetitor.

335 4077 374 4140 Et
402 4077 461 4140 alio
491 4079 559 4140 loco
576 4076 626 4161 ²):
664 4079 726 4141 Illo
757 4080 807 4143 vis
840 4089 870 4142 ct
899 4076 1040 4167 ἐνέργεια
1071 4081 1182 4142 diuina
1213 4078 1327 4157 abique
1361 4077 1395 4135 in
1427 4089 1463 4132 eo

336 4178 529 4266 (Clemente)
545 4183 687 4263 resalpet,
704 4202 784 4264 quac
799 4202 857 4247 ano
872 4183 998 4268 scalpere
1010 4184 1153 4291 percellit
1167 4185 1303 4247 aninum
1315 4176 1463 4259 [φυκία

361 4406 402 4476 -η
419 4403 502 4459 ran
520 4419 545 4477 p.
545 4398 649 4461 coar.
896 4407 902 4482 p
949 4410 979 4478 2)
997 4409 1026 4466 n
1043 4409 1160 4489 aaaron.
1218 4366 1220 4373 ¹
