3659 5209
528 521 666 577 HERMAE
686 521 820 615 eastun,
858 523 955 577 LIBER
973 526 992 578 l.
1029 525 1114 580 tusto
1132 528 1173 583 llh
1349 534 1411 599 3⁴ss

287 705 304 749 a
329 684 415 748 vohis
439 682 665 748 sollicitudinem
689 684 870 764 influmine,
894 693 925 748 et
948 685 1091 751 confusus
1112 697 1157 752 est
1175 707 1282 753 sensns
1302 699 1413 773 vester,

286 799 319 855 et
330 790 523 853 inveterastis
539 789 568 850 in
585 788 709 851 tristitiis
726 790 863 851 vestris.“
904 790 1025 869 ,Quare
1041 811 1116 876 ergo
1132 813 1225 875 super
1239 796 1413 859 'cathedram

286 895 420 973 sedehat,
444 893 579 960 volebam
604 911 809 975 cognoscere,
833 895 996 957 domine?“
1042 896 1223 978 Respondit:
1254 896 1413 980 ,quoniam

287 1001 384 1064 omnis
406 998 546 1061 infirmus
563 1017 654 1080 super
677 998 847 1063 cathedram
866 999 951 1062 sedet
967 1009 1089 1083 propter
1105 1003 1301 1066 infirmitatem
1318 1020 1412 1087 suam,

285 1111 317 1168 ut
331 1105 518 1168 contineatur
529 1103 681 1170 infirmitas
696 1105 770 1186 ejus.
801 1103 880 1165 Ecce
894 1104 985 1167 habes
998 1106 1123 1189 liguram
1135 1110 1246 1190 primae
1259 1110 1412 1172 visionis.“

373 1210 434 1272 Xll.
474 1209 630 1288 ,Secunda
653 1210 889 1284 autemvisiono
912 1211 1012 1272 vidisti
1035 1212 1114 1274 illam
1137 1219 1280 1292 stantem,
1308 1220 1338 1276 et
1357 1216 1413 1297 ju·-

285 1315 414 1377 venilem
438 1313 545 1377 faciem
568 1314 734 1392 habentem,
758 1321 787 1376 et
803 1315 973 1378 hilariorem
993 1336 1079 1398 quam
1095 1319 1265 1399 pristinam3
1291 1338 1413 1382 carnem

285 1427 384 1485 autem
400 1427 430 1483 et
446 1421 568 1502 capillos
584 1420 686 1482 aniles.
726 1418 812 1500 Audi,
836 1422 939 1503 iuquit,
961 1430 990 1486 et
1005 1423 1082 1484 banc
1097 1424 1275 1504 parabolam.
1314 1425 1412 1498 Quum

286 1527 391 1589 senior
410 1527 472 1608 jam
496 1524 585 1587 luerit
608 1525 730 1606 aliquis,
762 1526 902 1608 desperat
930 1528 967 1590 de
991 1547 1025 1592 se
1048 1529 1113 1610 ipso
1139 1535 1263 1611 propter
1285 1517 1412 1592 inlirmi-

285 1639 375 1694 tatem
399 1637 535 1695 suamet
556 1638 775 1713 paupertatem,
808 1640 837 1694 et
860 1632 932 1695 nihil
955 1633 1033 1695 aliud
1058 1640 1227 1714 exspectat,
1254 1634 1311 1695 nisi
1335 1616 1412 1696 diem
1505 1696 1509 1704 ,

285 1743 455 1820 entremum
477 1737 555 1798 vitae
578 1754 664 1799 suae·
705 1736 820 1799 Deinde
849 1739 948 1801 subito
977 1739 1017 1801 illi
1044 1739 1150 1802 relicta
1184 1745 1231 1801 est
1251 1738 1412 1820 hereditas,

285 1849 315 1905 et
338 1841 462 1905 audiens
487 1843 637 1923 exsurgit,
669 1842 828 1923 hilarisque
858 1843 954 1906 lactus
985 1844 1079 1906 induit
1108 1846 1261 1921 virtutem3
1294 1851 1323 1906 et
1350 1845 1412 1926 jam

283 1965 355 2010 non
371 1946 534 2024 discumbit,
558 1947 612 2008 sed
636 1952 701 2025 stat,
726 1954 755 2009 et
777 1947 918 2009 liberatus
938 1955 983 2010 est
1005 1969 1021 2010 a
1041 1950 1191 2030 prioribus
1213 1950 1411 2030 moeroribus,-

284 2058 316 2114 et
335 2054 479 2135 jamnon
503 2051 605 2130 sedet,
636 2051 689 2115 sed
714 2051 839 2113 viriliter
862 2054 930 2134 agit.
952 2087 954 2091 ·
976 2052 1016 2115 lta
1040 2060 1069 2115 et
1092 2071 1164 2132 vos,
1197 2055 1294 2116 audita
1316 2073 1412 2117 reve-

282 2158 407 2236 latione,
432 2175 519 2237 quam
539 2156 619 2218 Deus
642 2157 728 2218 vobis
751 2155 905 2217 revdlavit.
950 2156 1025 2230 Quia
1046 2159 1184 2220 misertus
1204 2163 1250 2219 est
1267 2158 1411 2221 Dominus

283 2263 390 2341 vestri,
412 2269 443 2325 et
463 2262 621 2324 renovavit
643 2262 777 2343 spiritum
800 2266 949 2340 vestrum,
974 2269 1004 2323 et
1026 2261 1205 2344 deposuistis
1228 2261 1410 2323 infirmitates

281 2375 402 2430 vestras
411 2388 420 2444 3
451 2370 577 2430 accessit
600 2366 868 2444 vohis-lortitudo,
893 2372 928 2427 et
953 2365 1116 2429 invaluistis
1140 2367 1169 2426 in
1192 2365 1266 2443 lide,
1296 2370 1326 2425 et
1348 2351 1411 2426 visa

282 2474 368 2536 Deus
393 2471 564 2535 fortitudine
579 2473 836 2554 vestra-gavisus
858 2477 911 2532 est.
947 2470 1081 2552 ¹Propter
1111 2471 1168 2534 hoc
1198 2469 1412 2554 demonstravit

283 2579 373 2640 vohis
396 2575 573 2640 structuram
597 2577 703 2652 turris3
727 2582 756 2637 et
772 2576 826 2647 alia
843 2576 992 2654 ostendet,
1015 2577 1040 2637 si
1060 2595 1100 2638 ex
1118 2583 1180 2640 toto
1200 2575 1292 2638 corde
1308 2579 1411 2657 pacem

282 2683 448 2755 habueritis
472 2684 549 2744 inter
572 2681 656 2745 vos.“
739 2728 751 2753 ,.
1408 2686 1411 2691 ’

372 2787 448 2850 ΧΗΙ.
498 2788 616 2866 „Tertia
648 2793 745 2849 autem
768 2787 886 2850 visione
909 2786 1008 2849 vidisti
1031 2786 1108 2849 illam
1131 2785 1410 2864 adolescentiorem,

282 2895 441 2956 honestam
465 2899 495 2954 et
511 2892 656 2973 hilarem,
682 2900 711 2954 et
734 2909 874 2957 serenum
898 2892 1010 2954 vultum
1035 2894 1110 2973 ejus.
1132 2935 1134 2939 -
1155 2889 1237 2956 Sicut
1261 2892 1355 2966 enim,
1376 2891 1409 2952 si

283 3000 372 3061 alicui
396 3005 513 3061 moesto
537 2999 746 3078 supervenerit
768 2998 888 3059 nuntius
912 2998 1009 3059 honus
1033 2997 1155 3077 aliquis,
1183 2996 1278 3058 statim
1302 2994 1409 3057 oblitus

279 3102 330 3187 ¹est
353 3104 511 3183 moeroris,
532 3102 662 3184 nihilque
685 3103 765 3164 aliud
789 3109 936 3183 expectat,
960 3104 1016 3165 nisi
1037 3101 1298 3177 annuntiationem,
1322 3118 1409 3181 quam

282 3212 412 3290 audivit,
445 3216 475 3270 et
504 3207 687 3271 confortatur
721 3208 759 3269 de
790 3216 908 3286 cetero,
941 3216 971 3270 et
1000 3215 1163 3291 renovatur
1193 3207 1315 3287 spiritus
1344 3207 1409 3287 eJus

282 3321 409 3399 propter
431 3314 580 3398 gaudium,
604 3312 685 3395 quod
708 3315 841 3395 accepit3
869 3315 914 3385 sic
936 3321 966 3375 et
987 3332 1043 3377 vos
1066 3313 1293 3376 renovationem
1316 3330 1420 3383 acce*-

281 3423 370 3505 pistis
393 3421 546 3501 spirituum
570 3427 750 3497 vestrorum,
777 3419 913 3481 videntes
937 3418 1011 3492 haec
1035 3420 1121 3481 bona.
1167 3417 1203 3479 Et
1227 3419 1410 3499 quiasuper

282 3525 458 3592 subsellium
481 3523 774 3602 vidistisedentem,
790 3522 877 3585 fortis
900 3525 1009 3604 positio
1033 3531 1096 3601 est,
1120 3524 1257 3604 quoniam
1282 3530 1409 3603 quatuor

282 3631 379 3714 pedes
410 3630 497 3691 habet
526 3628 713 3705 subsellium,
746 3637 776 3690 et
805 3629 922 3692 fortiter
945 3636 1010 3691 stat.
1055 3616 1130 3692 Nam
1154 3635 1184 3690 et
1206 3627 1330 3690 mundus
1354 3646 1409 3710 per

283 3745 414 3819 quatuor
448 3736 594 3800 elementa
612 3735 804 3799 continetun
849 3735 905 3809 Qui
939 3753 1014 3815 ergo
1048 3735 1259 3815 poenitentiam
1292 3734 1409 3812 egerint

285 3842 451 3923 ¹integre,
478 3842 615 3923 juniores
647 3848 749 3916 eruut;
780 3848 811 3903 et
842 3842 891 3922 qui
924 3860 963 3902 ex
993 3847 1056 3903 toto
1081 3839 1173 3903 corde
1196 3839 1408 3920 poenitentiam
1479 3840 1482 3845 “

272 3947 423 4028 egerint,
456 3952 543 4008 erunt
578 3943 697 4007 tundali.
751 3944 848 4008 Habes
882 3946 1035 4026 inpleno
1069 3944 1299 4017 revelationem;
1336 3940 1426 4002 nibil·

283 4051 409 4131 amplius
432 4050 565 4132 postules
590 4048 626 4111 de
649 4049 827 4113 revelandis.
859 4051 890 4114 Si
912 4050 983 4132 quid
1003 4048 1099 4113 autem
1116 4034 1404 4148 oportuerih'reve·

283 4158 396 4221 labitur
417 4156 497 4219 tibi.“

322 4296 350 4365 l)
369 4296 397 4349 ln
423 4297 511 4350 codice
534 4279 663 4348 lambeth.
690 4293 763 4345 deest
786 4296 835 4348 in·
861 4292 1029 4362 paullopost,
1048 4291 1079 4344 ad
1093 4289 1291 4343 distinctionem:
1307 4306 1344 4344 acc
1355 4297 1407 4344 loto

283 4395 365 4458 repro.
406 4383 440 4436 Et
465 4393 550 4450 recte,
576 4392 603 4436 ut
621 4381 747 4447 videtur,
777 4372 835 4432 nam
862 4384 948 4434 cordo.
985 4383 1117 4431 Gaurano:
1193 4394 1203 4410 ·
1227 4394 1230 4401 ·
