3659 5209
519 478 524 490 b

269 538 273 551 “
333 520 396 588 332
574 514 713 571 HERMAE
731 513 866 569 PASTOR.
902 513 1000 570 utnon
1018 515 1039 571 t.
1080 515 1176 571 VISIO
1197 515 1242 571 ΠΙ.

335 679 439 759 ,vides
461 697 524 740 rem
549 677 731 763 magnami“
770 677 845 739 Dico
863 676 908 738 ei:
932 674 1087 754 ,domina,
1107 676 1191 739 nibil
1209 674 1330 739 video.“
1366 675 1440 755 ,Erro

333 802 394 846 non
418 783 502 845 vides
525 790 628 847 contra
658 789 687 845 te
712 780 720 820 ¹
741 782 843 844 turrim
875 799 1026 861 magnam,
1061 800 1147 862 quac
1166 781 1357 855 ¹aedificatur
1384 799 1442 863 supa

333 907 434 969 aquas,
457 889 602 971 lapidibus
627 887 746 969 quadris
769 884 978 966 splendidist“
1026 884 1061 949 ln
1086 884 1250 966 quadrato
1275 887 1351 950 enim
1373 885 1443 948 tedii*

334 994 454 1055 cabatur
484 995 574 1057 turris
605 993 640 1055 ab
671 992 728 1053 iliis
760 1008 816 1053 sex
836 991 1021 1074 ‚juvenibus,
1056 991 1108 1071 qui
1126 1028 1128 1033 ·
1147 998 1307 1055 venerant
1337 990 1444 1054 cuniis

332 1095 400 1167 Alia
424 1105 521 1161 autem
544 1098 632 1159 muita
662 1096 750 1158 miliia
778 1096 912 1157 virorum
941 1095 1146 1176 adportabant
1180 1096 1316 1179 lapides.
1359 1095 1445 1171 Ouidi·

334 1207 430 1264 autem
455 1201 492 1263 de
515 1200 663 1283 proiundo
676 1199 845 1261 trabebant
860 1198 992 1280 lapides3
1015 1200 1064 1262 aiii
1082 1200 1124 1262 de
1143 1207 1232 1265 terra
1252 1201 1447 1281 transferebant,

334 1286 369 1368 et
393 1307 585 1388 porrigebant
616 1305 684 1375 iltis,
703 1322 759 1367 sex
785 1305 955 1392 juyenibus.
1001 1304 1098 1367 Porro
1130 1305 1181 1368 iili
1201 1306 1447 1386 'accipiebant,at

334 1411 538 1473 aedificabant.
583 1410 643 1472 Eos
666 1416 773 1487 autem,
799 1410 848 1501 qui
865 1410 902 1471 de
916 1408 1067 1491 profundo
1090 1411 1346 1482 extrahebantur
1360 1411 1448 1493 lapidat

257 1508 259 1515 ’
335 1522 439 1579 omn'es
463 1516 507 1576 sic
530 1511 708 1599 ²pdnebant
731 1515 760 1575 in
783 1498 962 1576 structuram
970 1536 980 1592 ;
1004 1516 1088 1598 politi
1110 1517 1200 1579 enim
1228 1523 1331 1596 erant,
1354 1524 1382 1579 et
1398 1535 1449 1579 cou-

318 1622 489 1707 'venientes
508 1620 725 1682 commissurae
741 1637 807 1680 cum
824 1619 881 1681 illis
897 1619 1052 1700 lapidibus,
1075 1622 1192 1702 sicque
1213 1623 1451 1706 conjungebant!

334 1726 408 1788 alius
433 1726 469 1789 ad
493 1726 597 1802 alium,
629 1725 668 1785 ita
690 1730 722 1806 ut
744 1724 957 1787 commissurae
979 1742 1084 1787 eorum
1117 1744 1186 1789 non
1218 1734 1374 1808 paterent
1411 1723 1452 1789 ἘΙ

333 1831 363 1892 in
393 1830 472 1891 buno
505 1828 622 1891 mo'dum
653 1829 812 1910 apparebat
844 1835 992 1891 structura
1025 1828 1115 1891 turris
1154 1837 1318 1913 tamquam
1353 1852 1390 1895 ex
1413 1849 1453 1895 aut

333 1936 430 2016 lapide
453 1934 613 1997 aedificata.
660 1935 803 1997 Caeteros
827 1940 924 1997 autem
947 1934 1080 2016 lapides,
1113 1936 1170 2016 qui
1196 1935 1454 2001 adferebanturda

334 2046 423 2118 terra,
448 2040 591 2121 quosdam
614 2038 732 2119 quidem
755 2039 940 2121 rejiciebant,
963 2041 1108 2123 quosdam
1134 2060 1218 2105 vero
1244 2042 1455 2124 adaptabantit

247 2168 251 2173 ·
334 2151 519 2208 structuram.
556 2145 640 2207 Alios
656 2144 833 2207 excidebant
849 2153 878 2207 et
895 2146 1090 2228 projiciebant
1103 2146 1206 2229 longe
1226 2165 1246 2209 a
1267 2150 1356 2210 turri.
1394 2145 1456 2210 *ut

334 2258 430 2312 autem
453 2250 565 2331 lapides
589 2250 669 2312 multi
693 2249 771 2311 circa
794 2248 896 2313 turrim
919 2251 1008 2333 positi
1031 2257 1136 2329 erant,
1166 2258 1198 2313 et
1228 2270 1298 2315 non
1323 2253 1457 2315 utebantur

333 2357 390 2419 iilis
414 2357 450 2420 ad
473 2361 665 2418 scructuram.
711 2354 802 2417 Erant
826 2357 904 2418 enim
927 2355 1043 2437 quidam
1067 2373 1107 2417 ex
1139 2355 1199 2417 iilis
1236 2359 1398 2435 scabrosi-3
1425 2356 1456 2418 di

334 2470 430 2525 autem
454 2463 599 2523 scissuras
617 2459 780 2539 habebant,
803 2461 853 2522 alii
876 2479 949 2524 vero
965 2459 1082 2522 candidi
1099 2467 1131 2522 et
1147 2462 1294 2541 rotundi,
1321 2482 1382 2527 non
1400 2481 1456 2526 cou-

333 2567 490 2628 venientes
521 2567 550 2627 in
581 2571 758 2626 structuram
789 2566 887 2627 turris
934 2564 1074 2628 Videbam
1106 2572 1211 2628 autam
1252 2568 1334 2633 alios
1366 2566 1455 2651 lapidet

334 2671 441 2752 projici
464 2671 555 2751 longe
578 2689 594 2731 a
618 2670 701 2746 turri,
725 2675 755 2730 et
777 2670 943 2733 incidentes
966 2670 995 2730 in
1018 2671 1106 2748 viam,
1130 2676 1162 2732 et
1178 2690 1247 2734 non
1272 2673 1454 2738 manentesit

332 2776 391 2853 via,
414 2775 467 2837 sed
493 2774 572 2836 volvi
595 2773 633 2836 da
657 2775 703 2836 via
728 2774 876 2836 inlocum
901 2775 1069 2850 desertum;
1093 2774 1169 2838 alios
1193 2785 1306 2842 autern
1326 2781 1357 2843 in
1377 2780 1454 2860 ignea

333 2879 498 2941 incidentes
523 2886 553 2940 et
572 2876 732 2955 ardentes;
765 2879 838 2941 aiios
862 2879 1004 2943 cadentes
1027 2897 1115 2941 secus
1139 2899 1275 2963 aquam,
1305 2904 1363 2947 nec
1383 2896 1453 2965 posse

333 2985 415 3046 volvi
439 2986 467 3045 in
491 2979 606 3073 aquam,
626 2984 798 3046 uolentibus
822 2984 940 3064 quidem
964 2985 1007 3045 eis
1030 2966 1152 3046 intrarc'
1167 2986 1197 3046 in
1225 3005 1352 3068 aquam.

353 3110 368 3127 ··
420 3088 471 3155 tlt,
510 3088 546 3150 Et
570 3108 657 3169 quum
681 3089 756 3151 baec
779 3089 849 3150 mihi
872 3088 1121 3167 demonstrasset,
1156 3090 1288 3155 volebat
1318 3092 1451 3156 recedere

332 3193 407 3256 Dico
433 3194 476 3255 ei:
502 3192 649 3272 ,dominu
674 3194 743 3274 quid
768 3194 836 3255 mibi
860 3192 983 3274 prodest
1005 3193 1079 3255 haec
1099 3193 1229 3274 vidisse,
1255 3204 1289 3260 et
1305 3179 1369 3261 non
1383 3196 1452 3269 scire,

334 3317 410 3378 quae
433 3300 491 3361 sint
513 3298 568 3359 bae
588 3299 681 3360 res‘i“
717 3297 914 3379 Respondens
931 3297 1004 3359 dixit
1020 3297 1105 3369 mihi:
1130 3308 1306 3376 „versutus
1324 3322 1358 3365 es
1374 3302 1453 3376 bono,

272 3476 280 3486 p
333 3405 440 3467 voians
463 3405 540 3467 scira
556 3422 609 3484 -eo,
634 3393 710 3485 quae
734 3407 812 3467 circa
836 3405 938 3466 turrim
962 3402 1059 3465 sunt.“
1105 3401 1199 3482 ,lta,“
1228 3406 1368 3490 inquam,
1392 3406 1453 3486 ,da-

371 3575 398 3644 1)
416 3574 500 3626 Turris
520 3574 584 3626 hacc
603 3574 711 3625 ecclesia
731 3582 769 3624 est
788 3577 812 3626 in
827 3583 880 3626 ter·
923 3639 925 3643 Ι
943 3576 971 3640 3)
989 3568 1061 3627 Hun‘c
1084 3574 1171 3627 locum
1197 3560 1318 3646 respicit¹
1333 3583 1465 3649 Oripmt„

332 3665 367 3714 ris
386 3678 519 3729 apparens.
558 3662 607 3714 Sed
627 3661 733 3716 visibitis
753 3662 816 3713 baec
835 3679 881 3714 ec·
908 3663 1032 3717 Phiiocal,
1057 3661 1116 3712 c.8
1141 3661 1309 3729 (Comment.
1338 3669 1363 3718 in
1382 3662 1456 3724 Oseab'

334 3749 411 3800 ciesia
431 3750 519 3817 eadem
539 3756 591 3812 est,
617 3763 683 3816 quae
703 3755 728 3798 et
747 3748 880 3812 coelestis,
908 3750 935 3801 Τ.
955 3750 985 3801 ii.
1004 3766 1028 3818 p.
1048 3750 1106 3801 439.
1126 3749 1169 3799 ed.
1190 3748 1279 3804 iluac.
1312 3753 1455 3821 Explicatis·

333 3835 397 3888 baec
428 3838 494 3886 enim
524 3851 579 3903 cap.
607 3850 660 3901 seq.
692 3836 726 3885 ita
751 3834 879 3905 ‚loquiturz
907 3855 966 3889 nem
984 3837 1057 3902 hujus
1076 3837 1181 3887 visionis
1202 3835 1455 3904 reperiuiniracb

333 3927 422 3991 turris
446 3927 564 3994 paridam,
592 3926 668 3990 quiam
691 3925 767 3975 videa
786 3926 879 3990 aedifi·
907 3934 933 3977 et
945 3941 1000 3993 sqq.
1029 3923 1122 3974 Similia
1142 3923 1272 3991 teguntur
1291 3925 1391 3977 libili.
1408 3924 1455 3976 Sin

333 4014 406 4075 cari,
433 4026 566 4081 oporam
592 4012 719 4073 adolasia,
746 4025 811 4076 quaa
835 4014 881 4063 tibi
907 4011 946 4064 tx.
969 4029 990 4063 c.
1010 4011 1035 4061 6.
1054 4011 1079 4061 7.
1099 4008 1141 4061 at.

333 4102 462 4166 apparui,
493 4106 517 4149 ct
545 4098 619 4148 modo
649 4105 672 4149 ct
697 4098 784 4163 prius.
829 4095 879 4148 ctr.
941 4100 970 4162 4)
988 4097 1059 4148 Hunc
1083 4084 1172 4148 locum
1189 4097 1286 4154 laudnt
1304 4100 1456 4170 Didymai!

333 4181 383 4236 Vis.
402 4184 433 4248 li,
453 4183 478 4232 t.
497 4198 522 4249 p.
543 4182 601 4232 329.
620 4191 672 4253 not.
690 4181 715 4232 4.
908 4183 1003 4236 Catena
1022 4184 1225 4251 adtobt8,17.
1243 4189 1289 4241 18.
1310 4207 1335 4258 p.
1349 4191 1405 4243 202.
1423 4188 1455 4239 ed

368 4269 396 4334 2)
423 4269 460 4320 Ita
496 4268 558 4321 Cod.
592 4269 681 4334 Bodi.;
718 4273 880 4339 imponebant
906 4269 986 4323 Lond.
1007 4271 1082 4322 1637.
1135 4300 1144 4315 ·

283 4422 286 4427 Ι
335 4352 417 4407 Corm.
437 4365 462 4406 et
479 4353 578 4421 samba
604 4356 684 4410 Editi:
708 4358 886 4428 portabantur..
980 4389 983 4395 ·
1070 4390 1072 4395 ·
1141 4416 1145 4423 ,
