3659 5209
524 544 661 598 ΗΕΒΜΑΕ
682 535 817 600 PASTOR.
853 545 950 599 traua
968 547 986 599 1.
1022 548 1107 603 VISIO
1127 547 1169 604 111.
1346 553 1410 620 337

281 703 491 785 poenitentia,
521 709 551 767 'et
580 699 731 771 habebunt
760 709 858 772 locum
882 693 921 771 in
954 716 1035 773 turre
1069 712 1170 774 hac‘?“
1217 709 1409 794 ¹,Habent,“

281 811 396 891 inquit,
431 812 680 892 ,poenitentiam
714 810 769 877 sed
801 816 830 877 in
861 815 918 877 trac
948 822 1030 878 turre
1061 834 1121 878 non
1150 816 1275 898 possunt
1296 815 1424 893 '²eon-‚

281 917 405 990 venira;
429 916 487 978 aiio
504 923 599 978 autem
616 918 684 981 loeo
700 922 850 1000 ponentur
864 919 955 981 niulto
971 917 1140 984 ³inieriore
1149 941 1158 996 3
1182 916 1211 982 et
1230 921 1298 999 hoe,
1322 942 1411 1003 quum

283 1020 407 1083 cruciati
443 1020 569 1098 fuerint,
604 1029 634 1084 et
668 1024 855 1104 impleverint
887 1023 952 1086 dies
982 1030 1171 1104 peccatorum
1200 1013 1330 1088 suorum.
1376 1029 1412 1090 Et

281 1116 407 1206 propter
429 1125 487 1186 hoc
510 1125 737 1206 transferentur,
762 1129 899 1209 quoniam
924 1137 1124 1210 perceperunt
1145 1131 1268 1193 verbum
1288 1134 1427 1215 justum.-

280 1231 320 1294 Et
335 1237 405 1293 tuuc
420 1231 477 1292 illis
492 1233 645 1315 continget
661 1216 816 1295 transferri
832 1228 1001 1317 de'poenis,
1026 1234 1051 1296 si
1069 1224 1260 1298 ascenderint
1274 1237 1304 1297 in
1321 1236 1412 1321 ¹corda

282 1336 416 1416 ipsorum
433 1352 535 1416 opera,
552 1353 629 1415 quae
646 1338 760 1418 operati
776 1344 844 1400 sunt
859 1339 996 1401 scelesta.
1020 1336 1134 1412 Quodsi
1150 1358 1209 1402 nou
1224 1341 1413 1403 ascenderint

282 1439 313 1501 in
337 1441 428 1502 corda
452 1430 594 1520 ipsorum,
618 1459 679 1503 non
703 1448 788 1505 erunt
811 1443 885 1505 'salui
907 1450 1031 1524 propter
1055 1442 1189 1506 duritiam
1215 1443 1314 1508 cordis
1334 1445 1410 1508 sui.“
1443 1493 1447 1500 .

370 1544 441 1636 vill.
463 1536 576 1618 'Ouum
601 1564 675 1628 ergo
699 1546 797 1609 destiti
820 1548 1008 1630 interrogare
1031 1548 1108 1610 illam
1126 1547 1165 1611 de
1181 1549 1316 1612 omnibus
1337 1551 1411 1629 istis,

282 1649 324 1712 ait
339 1648 409 1710 mihi
419 1664 429 1711 τ’
453 1652 517 1728 ,vis
534 1650 611 1712 aliud
627 1652 776 1715 videre?“
804 1654 974 1734 ‘Quumque
991 1653 1116 1735 cupidus
1133 1671 1231 1717 essem
1248 1654 1285 1716 ad
1301 1654 1413 1717 videnss

282 1753 370 1832 dum,
402 1755 501 1817 hilaris
525 1755 620 1818 factus
644 1775 707 1819 sum
731 1742 825 1821 uultu.
866 1758 1043 1839 Respiciens
1067 1777 1114 1821 me
1146 1759 1282 1839 subrisit,
1315 1766 1344 1822 et
1373 1736 1440 1822 ait‘

282 1859 369 1921 mihi:
396 1859 636 1942 ,videsseptem
661 1863 801 1925 mulieres
825 1864 903 1924 circa
921 1863 1069 1925 turrim‘t“
1111 1863 1257 1943 ,Video,“
1283 1851 1437 1946 inquam,

284 1947 467 2045 ,domiua.“'
502 1958 625 2045 ,Turris
649 1948 752 2046 haec,“
778 1964 880 2048 inquit,
906 1968 962 2045 ,ab
984 1969 1019 2030 iis
1039 1974 1231 2048 supportatur
1246 1956 1411 2034 secundum

281 2078 473 2151 praeceptum
489 2072 616 2134 Domini.
655 2070 733 2134 Audi
757 2090 835 2133 nunc
854 2072 978 2133 effeetus
1000 2090 1112 2135 aarum.
1152 2066 1270 2145 ⁴Prir'na
1292 2076 1411 2154 quidem

282 2180 403 2255 earum,
435 2195 511 2257 quae
535 2162 669 2239 continet
693 2172 823 2254 ⁵manu‚
853 2164 933 2255 fides
956 2183 1099 2250 uocatum
1121 2172 1145 2264 *⁶
1160 2195 1213 2257 per
1237 2177 1313 2239 hanc
1336 2181 1410 2242 saivi

321 2295 348 2358 1)
368 2287 474 2347 Dubium
505 2305 558 2360 est,
594 2304 675 2367 utrum
706 2296 770 2346 haec
801 2294 833 2345 da
858 2306 968 2365 peccota
1003 2305 1067 2348 aurat
1102 2283 1205 2363 dolapsi
1240 2298 1309 2362 (Not.
1347 2300 1410 2350 Alc-

280 2384 438 2450 poouiteutia
457 2382 584 2447 interris,
604 2400 634 2434 an
649 2382 681 2433 de
693 2383 831 2450 poeniteu—
859 2386 974 2447 mutarier,
992 2380 1023 2431 Η.
1037 2380 1066 2433 Ε.
1080 2380 1107 2434 Τ.
1121 2379 1161 2433 111.
1175 2397 1200 2448 p.
1211 2378 1251 2432 51.
1266 2381 1308 2432 ed.
1319 2382 1410 2433 Venet.

250 2498 253 2501 -
280 2470 316 2520 tia
341 2477 403 2536 post
428 2478 534 2522 mortem
559 2471 595 2521 in·
611 2471 757 2537 purgatorio
784 2465 832 2520 sint
863 2469 960 2533 1778).
990 2469 1097 2520 Primam
1116 2467 1191 2534 hujus
1209 2467 1260 2518 loci
1279 2468 1410 2535 interpre-

279 2555 455 2623 inteliigenda.
484 2555 597 2608 Priorem
614 2558 762 2623 opinionem
782 2556 831 2606 de·
859 2558 983 2624 tationem
997 2556 1046 2620 (tit.
1059 2558 1087 2623 a)
1106 2556 1269 2621 rejiciendam
1289 2570 1357 2619 essa,
1379 2571 1410 2606 ox

280 2641 389 2715 fendunt
401 2644 510 2696 Bruttius
520 2642 591 2708 (Des.
602 2644 663 2694 fidei
673 2644 729 2695 Nic.
739 2658 764 2710 p;
773 2644 830 2709 32),
860 2642 925 2695 libro
935 2642 965 2694 11.
986 2643 1068 2695 Mand.
1078 2642 1121 2709 lV,
1134 2642 1146 2692 1
1161 2642 1282 2707 conjicio,
1300 2642 1344 2693 ubi
1358 2642 1407 2692 do-

280 2731 418 2784 Nourriuc
436 2727 572 2797 (Apparet.
591 2748 615 2797 p.
630 2730 701 2795 115),
724 2732 831 2787 Cotele-
860 2738 947 2794 cetur,
976 2732 1057 2781 servis
1075 2729 1124 2780 Dei
1144 2746 1218 2780 uuam
1239 2746 1295 2780 esse
1314 2730 1408 2797 poeni-

281 2820 344 2872 riua
365 2820 399 2879 (a.
412 2815 443 2866 'h.
462 2815 493 2879 1.)
514 2824 540 2867 et
558 2819 745 2872 Jocdmannua
766 2818 795 2884 [i.
809 2835 831 2869 c.
859 2818 973 2881 tentiam,
988 2832 1037 2885 qua
1049 2824 1153 2884 peracta
1166 2818 1257 2868 iterum
1268 2815 1409 2883 recipiendi

279 2920 306 2971 p.
325 2903 381 2971 85).
412 2903 550 2954 Posteridri
568 2904 770 2972 interpretationi
789 2904 831 2954 ia·
859 2905 917 2954 siut.
942 2914 944 2919 ’

278 2977 343 3044 rent
361 2995 454 3055 Ratira,
473 2989 530 3041 Ant.
545 2990 569 3043 d.
583 2990 611 3041 11.
626 3009 651 3058 p.
665 2991 716 3040 624
728 2999 754 3042 et
766 2990 830 3041 Edi·
893 2991 923 3055 3)
942 2991 961 3041 l.
972 3005 995 3040 e.
1009 2990 1192 3042 beatitudinem
1205 2990 1330 3059 quandam
1343 3005 1408 3041 cou-

279 3087 352 3129 tores
367 3076 431 3129 Bibl.
445 3093 509 3129 max.
523 3078 549 3130 P.
564 3078 595 3149 1³,
605 3077 684 3147 Lugd.
699 3077 726 3128 T.
742 3077 774 3141 11,
788 3080 831 3146 qui
858 3072 996 3145 sequentur
1014 3085 1072 3144 post
1090 3086 1211 3141 mortam,
1236 3079 1282 3129 aad
1300 3078 1408 3129 inferio-

281 3165 347 3233 adp.
358 3165 390 3215 27
399 3173 533 3216 annotant:
550 3183 689 3235 perperam
700 3163 830 3231 [Hermas]
859 3181 913 3215 rem
931 3172 956 3215 et
976 3164 1156 3216 adumbratam.
1183 3153 1233 3214 Cir.
1252 3164 1408 3230 divitaie.
1477 3182 1480 3188 ·

280 3254 441 3306 existimare
470 3255 588 3317 videtur,
618 3256 646 3305 in
675 3238 832 3322 purpuraria
858 3254 917 3305 Nat.
937 3254 1104 3316 Alexander,
1123 3252 1138 3303 Ι.
1158 3267 1180 3302 a.
1251 3321 1253 3324 .

280 3343 370 3392 tecum
387 3356 448 3393 erae
465 3342 557 3392 marito
571 3348 595 3392 at
608 3342 746 3402 ‹teinerit03
766 3342 833 3408 quod
894 3341 923 3402 1)
956 3341 1037 3392 Clean.
1065 3341 1144 3390 Adea-
1182 3337 1273 3389 Strom.
1304 3336 1335 3388 11.
1368 3338 1408 3397 12.

280 3436 323 3481 cat
341 3429 464 3481 haeresia
481 3425 693 3495 manifestomfr.
708 3429 830 3480 Belicam.
858 3444 883 3493 p.
903 3426 955 3476 458
979 3424 1021 3475 ed.
1042 3423 1132 3475 Venet.
1164 3423 1231 3477 hunc
1261 3413 1346 3476 locum
1369 3414 1409 3476 ¹de

281 3516 315 3566 de
336 3521 435 3581 purgat.
455 3511 482 3566 L.
502 3511 532 3564 H.
551 3528 574 3562 e.
594 3513 631 3576 2).
734 3523 739 3535 ·
849 3520 956 3582 'septem
975 3510 1109 3563 virtutibus
1123 3513 1208 3588 ⁸citat;
1232 3526 1282 3563 non
1307 3512 1416 3580 quiderm

317 3601 348 3670 2)
367 3599 385 3651 1.
399 3616 421 3652 e.
441 3603 468 3664 a]
483 3609 540 3651 ant:
558 3617 611 3652 oon
622 3609 746 3674 poscunt,
765 3618 831 3671 poa·
858 3600 948 3652 iisdem
968 3597 1092 3667 apicibus,
1114 3598 1160 3649 aad
1180 3598 1271 3649 eodem
1289 3616 1373 3651 seusu.

281 3690 392 3741 nitentia
422 3691 451 3741 in
478 3691 558 3741 terrio
584 3697 718 3755 peracto,
736 3690 832 3741 iterum
894 3688 923 3753 5)
943 3685 984 3738 Sc.
998 3687 1149 3739 eccleciam.
1175 3684 1210 3736 lta
1221 3684 1275 3750 jam
1289 3689 1409 3746 Glemona

281 3777 368 3843 recipi
390 3777 419 3826 in
441 3774 574 3829 viaiditem
599 3777 666 3826 tanc
683 3777 831 3838 ecclesium,
860 3777 936 3826 Aieae.
961 3773 1026 3823 haec
1051 3773 1229 3838 interpretatus
1256 3779 1310 3834 est3
1337 3771 1409 3821 aliter
1441 3828 1442 3831 Ἴ

281 3861 313 3927 b)
332 3848 389 3911 adt:
413 3879 466 3914 non
488 3868 603 3929 poseant
623 3863 781 3929 poenitentia
804 3865 833 3913 in
860 3859 949 3910 Editor
968 3858 1133 3920 oxoniensis,
1152 3859 1195 3925 qui
1213 3860 1408 3920 annotat‚'ma-

280 3950 437 4017 purpotorio
467 3957 574 4016 peracta
605 3951 690 4000 coetui
717 3951 833 4015 fidetium
859 3963 919 3997 num
938 3953 1091 3997 contractam
1109 3959 1154 3994 seu
1173 3943 1283 3994 clausam
1302 3941 1408 4007 symbo-

282 4043 437 4088 aonctorum
475 4034 596 4103 adjuarpi·
614 4035 710 4098 (Retio
739 4033 755 4083 Ι.
787 4035 832 4097 c),
860 4031 910 4083 lum
936 4049 993 4083 esse
1013 4031 1087 4094 fidei,
1114 4029 1199 4081 divina
1216 4027 1340 4094 promissa
1358 4042 1408 4094 ap-

283 4122 311 4186 c)
331 4129 386 4172 aut:
412 4138 464 4174 noo
482 4130 612 4187 pacarent,
630 4122 787 4189 poenitentia
805 4123 833 4172 iu
860 4117 1051 4186 prehendeutis.

255 4206 261 4215 ‘
283 4211 366 4262 terrie
393 4217 516 4275 peracto,
546 4209 665 4273 effundam
694 4208 723 4258 in
751 4209 833 4259 coelio
894 4206 923 4269 6)
943 4203 994 4256 Cir.
1015 4192 1100 4254 ddattb.
1120 4203 1146 4266 9,
1165 4201 1206 4252 22.
1226 4201 1301 4254 Marc.
1321 4202 1347 4266 5,
1366 4202 1408 4253 34.

283 4298 453 4350 beatitudinis
476 4297 536 4361 fiori
558 4286 716 4362 participes,
744 4312 794 4360 quo
812 4297 834 4347 ii
862 4293 901 4356 10,
922 4292 963 4342 52.
988 4289 1060 4343 duc.
1079 4291 1105 4369 J,
1126 4290 1166 4340 50.
1193 4288 1220 4353 8,
1238 4289 1281 4340 48.
1307 4287 1347 4353 17,
1368 4287 1409 4340 19.

282 4386 411 4454 pandant,
442 4383 488 4450 pai
514 4398 657 4449 rtumpuam
683 4382 712 4433 in
738 4397 834 4448 mopoa
860 4378 916 4431 Act.
937 4380 980 4443 26,
1002 4379 1041 4430 18.
1072 4378 1143 4430 Rom.
1163 4376 1189 4442 3,
1208 4376 1250 4426 22.
1270 4375 1313 4427 28.
1341 4375 1366 4440 5,
1387 4371 1413 4426 1.“

336 4488 403 4526 rarae·
417 4490 480 4536 apost.
495 4483 533 4523 Ed.
549 4484 583 4524 tv.
693 4500 698 4510 ·
1161 4465 1204 4530 22
