3659 5209
509 396 634 454 iuuerit
648 396 808 454 seurota
824 398 871 461 ΑΙ)
889 396 1058 455 uenustus,
1076 398 1140 454 xvt
1158 399 1234 456 xvu
1252 401 1340 484 xum.
1421 408 1484 475 107

354 559 463 641 itaque
486 557 646 641 luchrius,
677 561 764 642 quasi
786 560 852 642 ipso
875 560 906 623 iu
928 560 1015 624 nobis
1036 559 1203 640 babitante3
1233 566 1265 628 ut
1290 564 1369 630 illius
1388 565 1482 657 ¹aimus

354 664 488 747 templa,'
510 664 626 747 etipse
647 665 686 728 sit
707 665 738 727 in
760 664 847 727 nobis
869 664 952 728 Uerus
975 672 1096 743 noster;
1129 666 1280 749 quomodo
1303 675 1333 732 et
1359 668 1430 734 'est
1452 677 1483 735 et

355 770 516 852 apparebit
539 776 607 833 aute
630 769 736 834 faeiem
759 775 907 845 noslram3
931 769 1001 834 ideo
1020 770 1102 852 juste
1125 769 1272 854 diligimus
1295 773 1399 855 ipsum.

360 948 384 1019 ⁴.
414 960 498 1031 XVI,
538 957 601 1034 oct
619 960 713 1041 fidem
732 959 828 1040 salsis
850 961 1007 1024 doctrinis
1031 971 1242 1044 corrumpunt,
1270 965 1303 1027 ln
1327 965 1427 1046 Ignem

778 1074 938 1129 oeternum
969 1066 1064 1128 ibunt.
1352 1079 1355 1086 '

447 1185 517 1252 2Νο
533 1187 650 1267 erretis,
666 1186 773 1251 iratres
789 1188 855 1252 mei.
890 1185 1100 1252 ³Familiarum
1115 1187 1340 1270 perturbatores
1355 1207 1481 1273 regnum

346 1293 416 1357 'Dei
440 1311 508 1359 nou
524 1289 738 1355 hereditabunt.
784 1291 816 1357 Si
839 1292 990 1372 antonii,
1013 1292 1063 1373 qui
1081 1289 1246 1356 secundum
1269 1311 1388 1357 carnem
1406 1293 1482 1356 baec

352 1398 477 1480 operati
498 1403 582 1476 sunt,
606 1402 702 1458 morte
724 1402 794 1459 sunt
815 1397 931 1474 allecti3
963 1403 1073 1478 quanto
1096 1398 1205 1480 magis,
1227 1399 1253 1461 si
1276 1395 1372 1481 ⁴quis
1394 1396 1481 1462 fidem

350 1502 414 1565 Dei
436 1520 528 1584 prava
553 1499 688 1564 doctrina
718 1507 904 1583 corrumpat,
934 1519 991 1583 pro
1023 1520 1080 1583 qua
1102 1501 1192 1564 lesus
1216 1501 1348 1565 Christus
1378 1503 1481 1565 cruci·

348 1607 436 1670 fixus
460 1606 531 1668 est?
575 1604 673 1684 Talis,
702 1606 873 1686 inquinatus
897 1604 1010 1685 iactus,
1040 1608 1070 1669 in
1098 1608 1198 1690 ignem
1225 1606 1481 1690 inextinguibilem

350 1712 410 1776 ibit
416 1731 426 1789 ;
449 1710 584 1775 similiter
606 1717 637 1774 et
661 1710 712 1793 qui
734 1710 815 1775 audit
836 1712 941 1793 ipsum.

500 1900 588 1966 XVII.
636 1900 749 1965 Cavete
771 1901 907 1991 osclsis
928 1902 1158 1993 haereticoram
1179 1903 1341 1969 doctrinis.

447 2020 521 2089 ὅ01)
543 2023 574 2089 id
596 2023 741 2088 Dominus
772 2025 803 2087 in
833 2026 929 2107 eapite
958 2042 1015 2089 suo
1045 2026 1160 2107 aceepit
1189 2021 1419 2110 ⁶unguentum,
1448 2034 1481 2091 ul

349 2128 507 2199 coelestes
544 2129 638 2212 spiret
674 2130 936 2212 incorruptionem.
995 2129 1042 2192 Ne
1078 2131 1229 2213 ungamini
1266 2137 1345 2195 tetro
1383 2129 1479 2195 odore

348 2233 513 2300 doctrinae
545 2235 687 2317 principis
719 2235 809 2318 hujus
842 2236 936 2303 seculi
942 2258 952 2312 ;
989 2253 1027 2297 ne
1058 2235 1191 2316 captivos
1222 2251 1278 2297 vos
1306 2233 1433 2298 abducat
1461 2253 1479 2298 a

348 2339 510 2424 proposita
533 2339 602 2401 vita.
649 2337 708 2401 Cur
730 2357 806 2402 uero
829 2357 889 2402 non
912 2357 1017 2402 omnes
1040 2339 1201 2421 prudentes
1222 2354 1334 2417 sumus,
1356 2343 1478 2418 accepta

320 2508 325 2515 ,
348 2442 415 2507 Dei
437 2443 619 2526 cognitione,
643 2442 722 2522 quod
745 2449 792 2506 est
813 2443 903 2506 lesus
928 2443 1089 2506 Christus?
1134 2442 1210 2516 Quid
1233 2441 1313 2504 fatue
1335 2441 1476 2523 perimus,

349 2565 420 2613 non
442 2553 645 2632 agnoscentes
668 2547 787 2626 donum,
811 2548 890 2628 quod
913 2567 987 2612 uere
1009 2549 1087 2612 misit
1108 2547 1277 2612 Dominus?

419 2842 518 2907 XVIII.
566 2843 675 2906 Glorr'o
698 2844 811 2907 crucis.
858 2843 979 2921 Christi
1001 2845 1152 2908 nativitas
1176 2852 1206 2907 et
1228 2840 1409 2924 baptismus.

444 2960 698 3051 ‘¹Purgamentum
721 2983 804 3030 meus
833 2967 953 3049 spiritus
985 2974 1032 3030 est
1060 2967 1175 3046 crucis,
1206 2984 1283 3048 quae
1313 2960 1475 3027 incredulis

348 3066 571 3150 ⁸senndalum‚
605 3065 720 3135 ¹nobis
753 3090 827 3135 vero
859 3072 941 3136 salus
974 3079 1020 3134 est
1051 3077 1081 3134 et
1110 3073 1169 3134 uita
1198 3078 1331 3135 aeterno.
1379 3062 1405 3105 ¹⁰
1418 3067 1475 3130 Ubi

346 3175 500 3260 sapiens?
544 3175 599 3240 Ubi
629 3174 817 3257 disputator?
861 3176 916 3240 Ubi
939 3177 1078 3259 gloriatio
1108 3194 1228 3256 eorum,
1259 3175 1308 3259 qui
1338 3171 1476 3237 dicuntur

348 3278 543 3365 prudentes?
588 3281 669 3344 Deus
693 3283 770 3343 eninr
793 3287 897 3346 noster
914 3282 1005 3345 lesus
1025 3281 1158 3345 Christus
1181 3282 1210 3343 in
1234 3287 1321 3344 utero
1339 3284 1474 3364 gestatus

344 3384 403 3449 est
423 3384 569 3467 allatio,
596 3387 682 3469 juxta
714 3383 739 3423 ¹¹
755 3385 1006 3469 dispensationem
1036 3387 1108 3468 Dei,
1142 3405 1182 3451 ex
1213 3387 1327 3450 semine
1355 3383 1475 3467 quidem

349 3645 408 3685 cana
435 3636 586 3684 renuatur.
640 3626 772 3680 Armenius
808 3629 898 3683 uertite
960 3627 1162 3696 8)Clr.lCor.
1183 3627 1267 3695 1,18.

349 3719 446 3772 acrae
463 3718 579 3786 spirim
596 3731 673 3770 motta
691 3732 814 3782 mmm,
834 3733 899 3785 quac
960 3718 989 3783 9)
1009 3717 1086 3785 Syrus
1103 3716 1168 3786 legit
1185 3712 1254 3780 cipio.

348 3812 394 3858 cat
409 3804 573 3873 ,condatum
596 3804 755 3870 infidelibus.
792 3801 899 3856 Veteres
943 3803 989 3870 10)
1007 3807 1063 3855 Ποῦ
1080 3799 1151 3867 σοφός
1168 3822 1189 3850 κ,
1207 3821 1230 3851 τ.
1248 3803 1268 3851 z.
1293 3798 1364 3852 llaec
1382 3806 1409 3851 at
1426 3813 1472 3852 se·

348 3889 398 3943 baa
425 3889 558 3942 remoneo
586 3889 726 3957 respiciens
756 3885 898 3942 Bussenius
925 3892 1026 3961 quentia
1044 3904 1126 3960 usque
1144 3888 1177 3941 ad
1193 3888 1269 3941 flnem
1280 3887 1368 3956 cepitis
1382 3885 1473 3937 desunt

347 3975 381 4044 (1.
400 3976 437 4042 c.)
462 3990 510 4043 pro
532 3977 660 4044 περίψημα
677 3975 813 4046 legendum
833 3992 898 4031 eon·
925 3976 993 4046 apud
1010 3977 1109 4045 Syrum.
1146 3975 1197 4028 Cir.
1216 3973 1298 4028 ICor.
1315 3972 1340 4040 1,
1359 3973 1401 4035 20.

343 4063 406 4132 iicit
433 4057 586 4131 nemorisque
615 4063 632 4116 i.
659 4079 683 4116 c.
712 4068 841 4132 προσκυνεῖ
868 4061 898 4114 τὰ
944 4064 991 4133 11)
1009 4063 1110 4119 Phrarir
1128 4061 1242 4117 Paulina.
1269 4059 1367 4114 Colore.
1388 4059 1411 4126 1,
1425 4058 1469 4111 25.

340 4146 411 4216 -Iflc'r,
434 4151 532 4214 πνεῦμα
555 4145 600 4202 τᾶν
625 4147 733 4218 occupor]
775 4150 826 4221 Ipsi
850 4167 897 4205 ac·
923 4150 1008 4204 lTim.
1029 4151 1054 4218 1,
1072 4153 1097 4204 4.

347 4234 421 4292 osis
437 4239 514 4292 Nolle
529 4234 548 4290 I.
563 4251 590 4290 c.
606 4253 633 4307 p.
652 4237 712 4290 231.

1370 4444 1562 4542 ,Α
