3659 5209
530 385 670 438 ΗΕΗΜᾸΕ
688 383 823 439 PASTOR.
859 385 955 440 LIBER
974 387 993 439 1.
1031 386 1116 442 visto
1133 388 1175 441 Ill.
1354 395 1415 461 331

473 548 635 641 Xvenibus
658 564 731 626 sex,
763 564 839 627 quos
864 553 893 608 et
917 556 985 610 ante
1008 548 1157 629 videram,
1190 556 1220 612 et
1248 552 1328 615 stetit
1350 560 1419 635 post

507 652 575 715 ¹'el
598 652 736 714 audiebat
759 672 805 713 me
837 658 988 729 orantem,
1021 659 1049 714 et
1077 654 1265 718 consulentem
1290 658 1418 722 Domino

572 757 597 817 't
620 765 746 839 tangens
771 777 817 819 me
841 757 931 818 dixit:
965 758 1096 836 ,desine
1121 762 1183 842 jam
1210 780 1265 843 pro
1289 766 1418 843 peccatis

653 862 712 923 Ora
736 869 764 923 et
787 880 842 943 pro
863 862 1006 943 justitia,¹
1024 869 1055 925 ut
1085 865 1213 944 accipias
1241 872 1352 945 partem
1379 887 1419 931 ex

644 966 679 1027 lit
702 968 799 1028 erexit
822 985 869 1028 me
889 966 1021 1045 deloco,
1045 974 1073 1029 et
1090 970 1284 1051 apprehendit
1302 991 1418 1036 manum

692 1072 729 1132 ed
752 1072 934 1149 subsellium,
962 1079 991 1133 et
1015 1074 1053 1133 ait
1078 1073 1133 1135 illis
1153 1076 1332 1158 juvenibus:
1358 1077 1418 1155 ,ite

720 1196 735 1239 n
767 1184 864 1239 autem
896 1175 1101 1240 discesserunt
1126 1181 1274 1261 juvenes,
1306 1189 1335 1243 et
1364 1198 1419 1244 uos

757 1284 813 1345 ede
837 1283 942 1345 heic.“
988 1283 1062 1346 Dico
1086 1285 1131 1346 ci:
1162 1285 1324 1364 „domina,
1355 1287 1420 1348 sine

786 1387 820 1450 ad
837 1389 887 1451 tibi
904 1388 1003 1466 dico,“
1021 1389 1123 1470 inquit,
1141 1391 1262 1469 ,sedc.“
1303 1393 1420 1466 Ouum-

819 1513 870 1555 ·am
902 1500 1032 1575 partem,
1065 1512 1124 1556 non
1154 1502 1200 1558 est
1230 1513 1335 1578 passa,
1366 1495 1419 1558 scd

747 1642 761 1658 a
778 1600 925 1660 sinistram
943 1605 1054 1680 partem
1071 1599 1218 1663 sederem.
1264 1600 1422 1682 Cogitaule

602 1720 665 1763 „sao
690 1705 847 1779 existente,
872 1703 951 1783 quod
975 1721 1035 1764 nou
1059 1704 1126 1765 sivit
1149 1724 1196 1767 me
1220 1705 1255 1767 ad
1285 1706 1421 1767 dextram

273 1862 290 1909 ι
440 1826 557 1887 ancre,
589 1808 629 1869 ait
652 1808 736 1869 uribi:
770 1809 866 1888 „quid
898 1815 1029 1869 moestus
1058 1827 1109 1887 es,
1133 1810 1267 1872 Herma?
1312 1811 1421 1890 Locus,

236 1874 272 1957 *ὁ
322 1884 412 1960 esp
442 1912 477 1975 ad
501 1913 651 1989 dextram,
677 1912 791 1973 illorum
816 1919 878 1989 esi,
906 1912 955 1990 qui
975 1913 1037 1992 jam
1061 1920 1232 1975 meruerunt
1257 1916 1369 1994 ileum,
1393 1922 1423 1978 et

236 1972 401 2066 ⁸9³⁸&
431 2025 497 2080 sunt
520 2036 609 2079 causa
633 2017 759 2078 nominis
783 2018 858 2097 ejus.
904 2016 969 2077 Tibi
998 2022 1093 2078 autern
1126 2026 1263 2098 superest
1292 2023 1422 2100 ouillum,

251 2074 294 2149 ὦ
320 2100 418 2180 e¹1¹¹]
441 2125 496 2187 illis
519 2123 636 2185 sedeas.
683 2123 764 2187 Sicut
787 2139 906 2199 manes,
938 2121 966 2180 in
990 2120 1174 2200 simplicitate
1198 2130 1246 2183 lua
1273 2142 1421 2203 permane,

270 2190 307 2259 οἱ
327 2210 471 2291 sedebis
494 2249 559 2291 eum
586 2229 652 2307 illis,
678 2235 707 2289 et
731 2229 907 2308 quicumque
931 2226 1040 2288 luerint
1056 2229 1170 2307 operati
1187 2228 1303 2291 illorum
1320 2246 1421 2308 opera,

256 2306 316 2381 2⁹3
335 2323 553 2411 sustinuerint,
577 2351 654 2412 quae
678 2332 716 2393 illi
739 2332 973 2393 sustinuerunt.“

266 2468 271 2481 ·
384 2432 417 2499 ll.
464 2438 537 2499 Dico
561 2438 606 2498 ei:
644 2436 799 2514 ,domina‚
823 2435 929 2496 vellem
953 2436 1049 2514 scire,
1082 2454 1160 2514 quiae
1187 2437 1420 2499 sustirrueruut.“

252 2544 263 2581 ¹
298 2529 429 2621 ,Audi,“
454 2545 562 2625 inquit:
588 2542 689 2622 ,ieras
713 2543 833 2619 bestias,
857 2540 984 2623 flagella,
1008 2558 1155 2619 carceres,
1183 2559 1307 2619 cruces,
1333 2560 1422 2604 causa

247 2648 257 2685 l
298 2647 426 2716 nominis
443 2652 517 2733 eJus.
555 2649 679 2728 Propter
694 2647 751 2708 boc
768 2647 884 2708 illorum
902 2652 970 2709 sunt
986 2645 1109 2707 dextrae
1126 2653 1225 2727 partes
1249 2632 1422 2726 sanctitatis,

235 2748 249 2793 Υ
298 2759 330 2821 ct
354 2755 486 2835 quisquis
509 2754 636 2835 patietur
658 2759 782 2833 propter
802 2770 910 2814 nomen
928 2751 998 2826 llei3
1024 2751 1204 2831 reliquorum
1227 2759 1325 2812 autern
1345 2750 1422 2813 sini-

242 2862 246 2869 '
296 2867 381 2929 strae
402 2864 501 2940 partes
522 2866 598 2921 surut.
644 2858 702 2922 Sed
725 2858 862 2937 utrisque
886 2858 940 2935 eis,
965 2864 994 2918 et
1018 2857 1067 2936 qui
1090 2855 1126 2918 ad
1151 2854 1295 2932 dextram,
1321 2856 1423 2937 etqui

295 2962 337 3033 ad
359 2964 507 3041 sinistram
530 2963 650 3041 sedent,
681 2969 749 3025 sunt
781 2962 857 3024 dona
888 2968 917 3023 et
945 2961 1159 3042 promissiones
1168 2982 1177 3037 ;
1207 2967 1316 3023 tantum
1341 2960 1421 3041 quod

235 3082 246 3121 r
294 3068 336 3137 ad
370 3067 505 3130 dextram
538 3069 681 3130 sedentes
715 3067 823 3129 habent
860 3068 984 3148 gloriam
1023 3066 1186 3146 quamdam.
1241 3067 1285 3128 'lu
1324 3072 1421 3128 autem

234 3194 243 3224 τ
293 3174 424 3257 cupidus
449 3191 482 3237 es
505 3174 614 3237 sedere
636 3173 674 3236 ad
706 3173 839 3235 dextram
868 3191 934 3234 cum
966 3172 1029 3246 eis;
1059 3169 1111 3231 sed
1144 3170 1321 3251 exiguitales
1353 3180 1422 3233 luae

246 3338 249 3343 .
292 3279 408 3345 multae
430 3285 505 3342 sunt.
551 3279 764 3341 Emundaberis
796 3284 891 3340 autem
923 3279 957 3338 ab
989 3276 1199 3357 exiguitatibus
1222 3277 1288 3339 tuis.
1335 3275 1422 3340 ²Sed
1479 3332 1483 3339 .

241 3412 257 3441 ·.
294 3391 329 3449 et
361 3401 483 3461 omues,
516 3384 566 3464 qui
597 3383 765 3444 dublinen
796 3383 919 3460 luerint,
953 3381 1189 3443 emundabuntur
1219 3381 1255 3442 ab
1287 3383 1422 3444 omnibus

293 3488 431 3574 peccatis
455 3486 509 3550 ³in
531 3489 610 3550 lrnnc
634 3487 740 3550 diem.“
786 3487 823 3549 Et
846 3507 911 3550 cum
936 3487 1010 3548 baec
1034 3487 1167 3563 dixisset,
1191 3487 1309 3549 volebat
1331 3488 1422 3548 abire.
1467 3550 1473 3561 ,

294 3594 335 3659 Et
358 3592 519 3674 procidens
542 3593 581 3654 illi
605 3592 641 3653 ad
666 3592 769 3673 pedes,
791 3594 897 3675 rogavi
920 3593 997 3653 illam
1022 3610 1076 3672 per
1098 3591 1273 3668 Dominum,
1300 3596 1330 3653 ut
1354 3590 1423 3651 mibi

296 3699 529 3774 demonstraret,
546 3696 625 3776 quod
641 3697 852 3778 repromiserat
869 3697 971 3758 visum.
996 3696 1034 3757 At
1050 3695 1097 3756 illa
1113 3713 1217 3756 rursus
1229 3692 1423 3775 apprehendit

234 3836 257 3879 ι,
295 3821 418 3867 manum
442 3820 554 3882 meam,
585 3808 615 3863 et
639 3803 736 3863 crexit
758 3821 823 3879 mc,
856 3809 885 3864 et
908 3800 978 3863 lecit
1000 3798 1109 3860 sedere
1137 3818 1228 3880 snper
1252 3796 1422 3859 subsellium

245 3930 259 3967 r
296 3907 336 3970 ad
367 3905 531 3982 sinistram,
563 3912 592 3967 el
625 3906 739 3968 elevata
769 3907 853 3987 virga
886 3905 1011 3986 quadam
1034 3901 1206 3984 splendida,
1239 3901 1310 3962 dixit
1335 3901 1422 3962 mibi:

335 4063 364 4128 l)
384 4058 530 4110 Laureolam
550 4066 686 4125 martyrum
704 4059 784 4127 gloria
798 4075 849 4127 pe·
911 4060 939 4119 2)
959 4057 1043 4108 Paene
1062 4056 1151 4107 eadem
1170 4055 1275 4124 legimus
1290 4054 1339 4105 Vis.
1353 4053 1383 4119 ll,
1397 4055 1421 4105 2.

297 4149 390 4202 culiari
415 4144 592 4212 praefulgere,
614 4146 731 4203 studiose
756 4146 850 4197 docent
912 4147 941 4212 3)
960 4145 1000 4195 Sc.
1020 4146 1044 4194 in
1065 4144 1131 4192 diem
1153 4142 1256 4209 judicii,
1283 4142 1328 4193 clr.
1348 4157 1431 4221 supra·

243 4222 251 4233 ⁸
297 4250 390 4289 omnes
402 4234 540 4301 scriptores
550 4240 659 4285 veteres.
680 4235 847 4285 Oromfiorr.
876 4249 900 4301 p.
921 4231 980 4284 327.
999 4239 1051 4283 aot.
1071 4231 1096 4283 7.

1400 4412 1606 4524 Α
