3659 5209
472 512 478 518 ·
589 512 783 570 nmrmmu
801 514 826 567 s.
846 513 1035 591 romeiam.
1055 515 1085 568 u.
1105 514 1147 571 m.
1166 516 1207 571 m.
1227 518 1257 571 v.
1422 521 1487 588 att
1510 511 1516 522 '

354 676 416 741 sed
445 678 507 760 jam
539 665 638 760 angeli
668 683 778 739 essent.
824 676 964 740 Similiter
997 676 1048 756 qui
1080 676 1117 738 ad
1148 679 1260 740 bestias
1293 687 1377 742 erant
1408 699 1487 744 eon-

355 781 502 860 demnati,
525 800 635 866 graves
658 782 806 843 cruciatus
833 778 1051 862 ¹perluleront,
1075 801 1166 863 super
1188 786 1316 846 nnntees
1337 788 1486 867 prostrati,

316 943 322 950 ,
353 885 513 966 variisque
532 887 596 948 aliis
612 884 768 948 tormentis
784 885 954 963 excruciati,
977 891 1017 963 ut,
1040 888 1066 946 si
1083 886 1146 948 fieri
1167 890 1320 968 potuisset,
1343 896 1485 970 tyrannus

354 1007 415 1054 eos
440 989 611 1052 assiduitate
633 989 769 1072 supplicii
791 988 827 1050 ad
850 991 1040 1072 negationem
1064 992 1171 1054 Christi
1194 994 1375 1057 adduxisset.

305 1226 313 1265 3
417 1181 463 1244 lll.
511 1181 688 1244 Germanici
711 1181 897 1245 constantia.
942 1181 1110 1279 Polycarpi
1132 1202 1216 1246 mors
1234 1187 1424 1271 postolatur.

305 1340 313 1389 p
447 1304 536 1367 Multa
566 1305 644 1365 enirn
674 1302 819 1364 adversus
851 1303 919 1365 illos
952 1298 1086 1366 diabolus
1114 1307 1296 1370 machinatus
1324 1315 1379 1370 est.
1424 1307 1483 1372 Sed

309 1460 313 1469 .
353 1411 454 1494 gralia
478 1410 516 1470 sit
537 1409 620 1484 Deo;
653 1425 719 1470 nam
743 1408 890 1469 neminem
913 1409 971 1469 isle
994 1410 1117 1470 vincere
1146 1412 1249 1492 potuit.
1294 1412 1483 1474 Fortissimus

305 1564 311 1601 ,
355 1516 438 1577 enim
461 1509 682 1576 ²Germanicus
715 1531 818 1575 eorum
851 1513 1031 1576 timiditatem
1063 1519 1228 1578 constantia
1254 1531 1307 1580 sua
1331 1520 1483 1581 corrobo-

305 1668 315 1710 ,
353 1621 450 1695 ravit3
480 1618 588 1698 quippe
612 1618 662 1697 qui
685 1617 840 1698 splendide
864 1638 931 1680 cum
955 1620 1057 1680 bestiis
1081 1622 1266 1700 pugnaverit.
1311 1621 1385 1683 Nam
1416 1641 1483 1684 cum

311 1772 316 1809 ἕ
356 1721 546 1805 ³proconsul
563 1740 628 1783 eum
645 1720 768 1784 flectere
784 1723 873 1784 vellet
890 1719 1099 1804 ⁴diceretque,
1122 1732 1155 1786 ut
1176 1744 1259 1787 suam
1276 1727 1341 1807 ipse
1358 1732 1483 1788 aetatem

305 1880 316 1921 ι
354 1830 565 1904 misereretur,
596 1826 646 1887 ille
669 1826 792 1889 bestiam
815 1828 892 1889 ultro
917 1828 953 1896 ad
976 1846 1011 1890 se
1034 1832 1154 1890 attraxit
1184 1831 1271 1911 eique
1298 1832 1359 1892 vim.
1378 1830 1482 1908 intulit,

305 1972 317 2029 ἡ
356 1934 481 2014 cupiens
514 1931 648 1994 velocius
682 1949 721 1992 ex
754 1931 861 2011 injusta
897 1939 927 1993 et
961 1933 1058 2011 iniqua
1093 1935 1208 1995 illorum
1239 1934 1389 2019 bominum
1424 1935 1482 1996 vita

307 2075 319 2135 p
357 2037 509 2120 effulgere(
547 2035 663 2098 Exinde
685 2042 783 2097 autem
807 2038 948 2098 universa
971 2037 1135 2116 multitudo,
1159 2036 1360 2100 tortitudinem
1383 2039 1422 2119 pii
1446 2056 1505 2099 ac.

311 2176 319 2241 Ι·
355 2141 493 2225 religiosi
528 2140 759 2202 Christianorum
796 2142 918 2236 generis
955 2139 1140 2222 ⁵admirata,
1180 2136 1370 2219 exclamavit:
1409 2144 1481 2206 tolle

305 2282 320 2349 3
356 2248 488 2331 ineptam
510 2246 704 2329 Polycarpum
726 2248 929 2326 requiratur!

669 2462 673 2467 ·
717 2437 764 2500 lV.
813 2434 945 2514 Quintus
969 2446 1123 2519 apostata.

444 2559 568 2634 Quidam
591 2578 683 2639 vero,
707 2561 827 2624 nomine
851 2562 994 2641 Quintus,
1025 2563 1146 2624 natione
1168 2559 1284 2641 Phryx,
1311 2560 1361 2638 qui
1384 2575 1480 2638 nuper

305 2728 318 2761 n
355 2683 396 2728 ex
417 2665 546 2748 Phrygia
565 2665 743 2745 advenerat,
776 2686 843 2728 cum
873 2669 996 2730 vidisset
1026 2669 1154 2746 bestias,
1178 2667 1292 2741 ¹timore
1323 2664 1479 2746 perculsus

316 2810 319 2831 .
354 2778 411 2834 est.
457 2770 511 2832 llio
534 2778 632 2833 autem
656 2778 729 2850 erat,
743 2774 802 2857 ¹qui
826 2792 860 2835 se
883 2774 978 2856 ipsum
1002 2781 1032 2834 et
1054 2774 1128 2834 alios
1148 2771 1292 2853 quosdam
1314 2769 1478 2849 impulerat,

305 2936 313 2973 ¹
352 2882 390 2946 ut,
416 2870 521 2937 ⁶ultro
555 2875 741 2938 accederent.
787 2879 859 2943 Huic
891 2878 1055 2959 proconsul
1090 2877 1187 2939 moltis
1222 2873 1478 2938 obsecrationibus

306 3012 309 3021 ·
350 2980 503 3063 persuasit
520 2980 625 3062 jurare
648 3000 683 3045 ao
706 2984 884 3046 sacrificare.
929 2984 1055 3063 Propter
1078 2983 1135 3044 boo
1155 2983 1254 3064 igitur,
1278 2979 1394 3054 iratres,
1419 2995 1479 3039 non

349 3084 508 3148 laudamus
538 3102 609 3167 eos,
641 3088 690 3166 qui
713 3095 820 3168 sponte
846 3083 941 3150 ⁷sese
970 3087 1116 3163 oderunt3
1149 3084 1389 3174 quandoquidem
1418 3099 1478 3144 non

349 3191 393 3253 ita
417 3182 432 3224 ⁸
448 3189 536 3253 docet
557 3190 783 3275 Evangelium.·
943 3190 945 3195 ’
1250 3188 1252 3195 '

627 3384 660 3447 V.
705 3383 878 3466 Polpccrpi
897 3403 1039 3457 secessus
1062 3392 1092 3447 et
1113 3382 1205 3447 visio.

442 3505 623 3590 Polycarpus
656 3511 771 3585 autem,
805 3508 852 3570 vir
885 3495 1011 3569 maxime
1042 3505 1239 3584 admirabilis,
1271 3505 1412 3586 primum,
1444 3521 1478 3566 ro

346 3609 454 3675 audita
477 3629 537 3672 non
561 3612 705 3690 turbatus,
728 3612 757 3673 in
780 3613 855 3694 urbe
870 3619 1048 3693 permanere
1069 3612 1206 3686 volebat3
1230 3610 1365 3691 plerique
1381 3615 1478 3695 tamen

346 3718 380 3780 ei
397 3722 620 3798 persuaserunt,
644 3723 675 3778 ut
691 3716 858 3782 secederet.
903 3717 940 3779 Et
955 3717 1080 3780 secessit
1099 3717 1128 3777 in
1145 3716 1252 3793 villam,
1275 3732 1335 3776 non
1357 3698 1478 3775 multum

310 3854 317 3862 ·
347 3822 389 3885 ab
421 3822 496 3884 urbo
528 3821 675 3898 dissitam3
706 3822 757 3884 ubi
779 3841 845 3885 cum
868 3823 971 3903 paucis
996 3816 1144 3899 ⁹mansit,
1176 3819 1225 3881 diu
1257 3824 1407 3897 noctuque
1437 3814 1478 3878 nil

386 4007 417 4073 7)
436 4007 480 4062 Ma.
505 4007 646 4077 προσιόντας
670 4005 768 4068 ἑαυτοῖς.
804 3976 907 4083 lma,
928 4012 1018 4080 iugero
1047 4011 1079 4062 tad
1110 4010 1182 4061 uliam
1213 4008 1340 4077 civiltthjn
1378 4003 1475 4077 (Mallh.

346 4112 431 4154 sonus
449 4095 510 4164 legit
527 4093 687 4164 npodadp'mc
705 4095 791 4154 ἓαυιύς.
821 4078 909 4173 Κᾳῌ
931 4099 970 4163 10,
984 4099 1054 4162 23.);
1074 4101 1107 4149 ita
1121 4106 1216 4160 tamen,
1235 4080 1313 4173 ntjfid¹
1323 4093 1476 4161 lugemunon

346 4172 457 4250 conjicit
474 4188 612 4247 προσιίντας
629 4181 721 4248 levric,
745 4201 802 4237 uam
827 4204 901 4253 προς-
929 4186 1013 4249 liceat,
1032 4168 1370 4245 morseonstantosteratur.
1397 4181 1474 4231 Cura.

346 4275 403 4337 ίημι
421 4292 455 4321 =
475 4274 589 4337 mittere„
610 4273 719 4325 tradere.
924 4271 992 4345 Ν)
1017 4272 1053 4323 lta
1081 4271 1238 4325 lacobsonus
1266 4284 1281 4323 a
1309 4267 1365 4320 cod.
1395 4258 1474 4323 Puris.

386 4357 598 4426 attribuerim
621 4361 704 4426 potius
724 4358 899 4430 Evangellum,
928 4360 1008 4412 Editir
1029 4359 1114 4426 ἔτριβε.
