3659 5209
603 552 783 608 aarum
799 549 967 605 ttrtstotb.
994 550 1058 604 xlx.
1077 549 1130 604 XX.
1149 551 1229 606 ΧΗ·
1426 555 1469 620 49

345 725 398 780 tuo
413 712 541 779 s‘ervare
557 715 663 797 possis.
704 712 711 752 ¹
727 713 763 776 Et
778 713 912 775 manibus
931 711 988 773 tuis
1007 711 1181 792 operaberis
1200 710 1236 773 ad
1255 712 1470 776 redemtionem

346 826 542 902 peccatorum
566 825 694 882 tuorum.
740 814 833 880 ²Non
856 816 1002 879 dubitabis
1026 816 1114 894 darc,
1146 835 1244 897 neque
1267 819 1470 896 murmurabis,

348 945 440 1007 quum
457 925 520 988 das.
558 923 572 962 ³
587 923 678 987 Omni
693 925 811 1003 petenti
832 931 859 984 tc
877 921 979 983 tribue
987 940 999 993 ;
1022 938 1191 1001 cognosces
1211 927 1327 999 autem,
1351 925 1415 1002 quis
1433 925 1473 986 sit

347 1033 445 1094 bonus
458 1028 604 1091 mercedis
620 1027 791 1089 retributor.
825 1023 1001 1103 ⁴Servabis,
1019 1044 1096 1105 quae
1112 1027 1262 1107 accepisti,
1279 1045 1335 1088 nec
1350 1028 1472 1106 addens,

348 1155 407 1198 nec
424 1135 556 1214 demens.
595 1117 692 1195 blalus
715 1131 840 1194 odiosas
856 1131 907 1193 tibi
929 1130 986 1193 erit
1001 1130 1030 1191 in
1047 1135 1232 1211 perpetuum.
1271 1128 1379 1193 ⁵Juste
1389 1133 1474 1213 judi-

349 1240 441 1302 cabis.
479 1234 568 1300 ⁶Non
592 1235 686 1298 facies
709 1235 880 1312 dissidium;
902 1234 957 1297 sed
977 1253 1081 1316 pacem
1105 1234 1275 1297 conciliabis
1298 1237 1376 1298 inter
1398 1255 1476 1297 con-

350 1343 519 1420 tendentes,
542 1358 597 1404 eos
620 1340 782 1402 associans.
825 1333 1045 1404 lConliteberis
1067 1344 1189 1418 peccata
1213 1345 1271 1401 tua.
1309 1334 1402 1402 8Νοη
1422 1359 1477 1402 ac-

350 1447 443 1512 cedes
462 1447 498 1510 ad
518 1449 683 1510 orationem
700 1451 778 1507 tuam
792 1445 822 1507 in
839 1445 1021 1508 conscientia
1036 1444 1121 1507 mala.
1158 1444 1240 1506 Haec
1261 1450 1307 1508 est
1329 1446 1375 1508 via
1393 1446 1477 1508 lucis.

685 1637 749 1703 XX.
795 1638 842 1700 Dc
864 1636 920 1698 aiu
942 1635 1144 1699 tenebrarum.

442 1758 522 1826 ⁹Via
545 1769 642 1825 autern
665 1761 852 1822 tenebrarum
877 1759 996 1839 obliqua
1015 1764 1060 1819 est
1079 1759 1226 1840 plenaque
1250 1759 1479 1823 maledictionis:

352 1868 407 1931 Est
429 1868 507 1930 enim
531 1866 577 1928 via
600 1865 703 1929 mortis
725 1873 869 1926 aeternae
892 1882 958 1926 cum
981 1861 1142 1943 supplicio,
1165 1865 1194 1926 in
1216 1884 1274 1944 qua
1292 1873 1379 1943 sunt,
1401 1885 1479 1946 quae

354 1972 483 2054 perdunt
506 1972 630 2032 animam
653 1969 819 2030 hominnm:
844 1966 1031 2042 idololatria,
1056 1968 1221 2046 temeritas,
1246 1970 1332 2033 elatio
1357 1972 1395 2032 ob
1419 1990 1479 2051 po-

355 2077 495 2151 tentiam,
519 2072 681 2149 simulatio,
705 2089 759 2132 cor
779 2070 904 2151 duplex,
928 2067 1117 2145 adulterium,
1141 2070 1344 2152 homicidium,
1367 2077 1479 2156 rapina,

358 2177 517 2258 superbia,
547 2174 766 2255 transgressio,
799 2173 1053 2252 dolus,·malitia,
1081 2177 1266 2256 arrogantia,
1297 2180 1481 2259 veneficium,

358 2282 468 2362 magia,
488 2280 619 2357 avaritia,
641 2278 736 2340 nullus
752 2278 806 2340 Dei
822 2279 918 2362 timor.
961 2272 1025 2339 ¹⁰ln
1046 2295 1103 2357 qua
1122 2284 1191 2340 sunt
1208 2278 1353 2342 bonorum
1373 2300 1482 2362 perse-

301 2388 304 2393 '
359 2392 498 2461 autores,
523 2399 630 2446 osores
653 2383 794 2462 veritatis,
818 2387 964 2443 amatores
992 2377 1181 2459 ”mendacii
1204 2400 1264 2444 non
1289 2401 1483 2464 cognoscen-

301 2520 307 2579 ς
357 2496 402 2552 tes
426 2487 594 2551 mercedem
614 2488 766 2570 justitiae,
790 2483 1003 2566 nouadjoncti
1028 2483 1065 2546 ad
1087 2485 1217 2565 bonum,
1241 2486 1349 2549 viduae
1373 2495 1402 2548 et
1424 2506 1484 2568 pu-

356 2593 428 2675 pillo
450 2611 510 2655 uon
528 2591 715 2654 attendentes
736 2611 775 2654 ex
787 2593 869 2674 justo
890 2589 1010 2672 iudicio,
1034 2591 1191 2673 vigilantes
1210 2610 1270 2656 non
1292 2592 1328 2654 ad
1349 2593 1483 2655 timorem

357 2700 422 2776 Dei,
446 2697 500 2760 scd
518 2697 554 2759 ad
571 2698 720 2776 malitiam,
744 2698 886 2777 aquibus
906 2695 999 2777 longe
1019 2713 1054 2757 ac
1073 2697 1178 2778 procul
1199 2705 1268 2759 sunt
1288 2698 1483 2761 urausuctudo

357 2809 387 2864 et
401 2801 552 2883 patientia,
571 2802 621 2882 qui
637 2800 763 2882 diligunt
782 2818 868 2878 vana,
891 2805 1102 2863 consectantur
1117 2803 1398 2879 remunerationem,
1422 2821 1483 2864 non

301 2948 309 2973 .
356 2906 536 2967 miserentur
559 2905 675 2986 inopis,
698 2922 759 2968 non
781 2903 967 2966 laborantia
991 2905 1116 2986 gratiam
1138 2904 1232 2984 illius,
1255 2907 1305 2986 qui
1324 2905 1428 2968 labore
1447 2923 1483 2968 ac

301 3042 306 3075 ,ι
356 3010 506 3073 aerumnis
525 3007 679 3071 conlectus
698 3014 753 3086 est,
779 3007 815 3069 ad
835 3008 1079 3071 obtrectationem
1099 3010 1237 3091 prompti,
1262 3029 1321 3072 non
1346 3004 1481 3093 cognos-

356 3119 462 3176 centes
475 3119 641 3176 creatorem
653 3131 747 3190 suum,
767 3112 928 3174 liberorum
944 3112 1181 3194 interemptores,
1199 3116 1228 3177 in
1240 3113 1394 3176 abortione
1407 3133 1480 3177 cor-

355 3223 528 3298 rumpentes
537 3218 591 3279 Dei
601 3223 775 3297 creaturam,
782 3222 959 3278 aversantes
969 3235 1106 3299 egenum,
1120 3220 1320 3299 opprimentes
1330 3219 1479 3297 alllictum,

354 3322 480 3404 divitum
496 3321 641 3401 advocati,
664 3336 827 3405 pauperum
844 3320 937 3401 iniqui
951 3321 1084 3402 Jadices;
1107 3333 1163 3402 per'
1180 3324 1277 3386 omnia
1294 3331 1480 3404 peccatores.

590 3555 593 3558 ι
647 3511 723 3574 ΧΧΙ.
772 3509 939 3574 Conclusio
962 3513 1184 3577 admonitorio.
1236 3572 1244 3584 „

448 3631 583 3713 Aequum
602 3632 765 3715 igiturest,
788 3639 821 3696 ut
838 3633 928 3696 bomo
947 3634 1069 3698 edoctus
1086 3634 1221 3700 mandata
1237 3635 1365 3714 Domini,
1388 3643 1480 3718 quot-

354 3743 433 3819 quot
455 3737 538 3816 prios
561 3738 670 3818 scripta
694 3744 779 3817 sunt,
810 3739 839 3800 in
863 3739 907 3801 eis
930 3739 1066 3802 ambulet.
1112 3741 1169 3814 Oui
1196 3741 1273 3803 enirn
1297 3758 1331 3803 ea
1355 3741 1480 3823 perficit,

352 3845 388 3905 in
405 3858 502 3923 regno
522 3841 578 3903 Dei
596 3841 691 3924 gloria
713 3842 924 3920 cumulabitur3
947 3843 997 3924 qui
1019 3862 1093 3907 vero
1121 3841 1211 3906 ¹²alia
1235 3844 1371 3927 elegerit,
1394 3844 1480 3906 simul

392 4027 423 4093 r)
442 4024 528 4079 conr.
546 4027 634 4097 upon.
654 4029 707 4096 vn,
729 4030 769 4081 14.
952 4033 998 4100 tt)
1024 4031 1118 4090 arara,
1140 4032 1207 4084 arao
1232 4050 1264 4086 ax
1282 4031 1368 4085 conr.
1389 3988 1479 4096 upon.

393 4113 640 4180 mmmm
934 4119 992 4172 m

393 4201 425 4265 9)
444 4198 530 4253 Coust.
548 4201 637 4270 Apost.
656 4200 711 4266 Vll,
732 4201 773 4252 18.
891 4232 894 4237 -
953 4206 997 4270 12)
1015 4202 1109 4254 Ἐκεῖνα
1127 4227 1161 4254 =
1181 4221 1247 4273 quae
1268 4205 1369 4256 divinae
1386 4198 1480 4250 volun·

377 4287 425 4353 10)
443 4285 557 4339 Subaudi
575 4303 607 4340 ex
625 4285 835 4338 antecedentibus
852 4277 907 4354 ἕνῇ
935 4294 980 4344 tati
996 4300 1055 4344 aunt
1071 4292 1214 4354 contraria,
1233 4289 1265 4340 de
1283 4288 1374 4357 quibus
1393 4301 1416 4336 c.
1436 4284 1481 4336 XX

354 4375 411 4427 εἶσι.
935 4379 1018 4430 luerat
1035 4393 1128 4431 sermo.

412 4476 479 4518 Palm
491 4483 553 4529 apost.
568 4478 606 4518 tta.
622 4479 656 4518 tv.
1252 4460 1275 4527 ¹¹
