3659 5209
596 548 717 603 tonum
734 546 894 602 ttrtstottt
911 546 957 602 AD
976 545 1145 602 EPHESIOS.
1163 548 1230 603 xtx.
1412 554 1474 618 169

345 714 492 800 Davidis,
516 711 625 795 Spiritu
648 716 744 774 autem
768 714 888 786 sancto;
913 710 964 790 qui
986 715 1072 773 natus
1096 716 1156 792 est,
1180 717 1210 773 et
1231 712 1396 794 baptizalus
1419 718 1474 793 est,

348 827 385 882 ut
408 819 551 901 passione
574 835 678 897 aquam
700 814 879 898 purificaret.
1169 820 1174 833 ²

639 1006 716 1070 XIX.
737 1079 741 1088 Ι
763 987 839 1072 Trio
861 1005 1011 1088 mysterio
1034 1006 1189 1070 clamoris.

442 1133 505 1196 ¹Et
536 1130 699 1214 principem
734 1129 822 1213 huJus
856 1127 956 1190 mundi
989 1128 1071 1189 fatuit
1104 1127 1214 1191 Mariae
1252 1130 1405 1214 virginitas
1444 1140 1475 1196 et

345 1247 454 1323 partus
471 1239 572 1321 ipsius,
593 1235 727 1298 similiter
742 1243 772 1295 et
788 1231 895 1295 fmors
911 1232 1046 1307 Domini,
1070 1228 1150 1295 ³tria
1166 1236 1307 1317 mysteria
1323 1235 1472 1315 clamoris,

346 1363 430 1427 quae
452 1345 482 1406 in
505 1341 623 1404 silentio
640 1338 694 1399 Dei
716 1345 828 1419 patrata
849 1345 928 1401 suut.
966 1335 1148 1412 ⁴Quomodo
1166 1342 1254 1423 igitur
1269 1341 1472 1404 manifestatus

346 1458 399 1513 est
423 1447 559 1511 seculis?
594 1444 684 1508 Stella
700 1443 730 1504 in
746 1444 834 1505 coelo
851 1443 942 1521 fulsit,
965 1442 1126 1523 splendore
1143 1441 1352 1527 ⁵exsuperans
1369 1463 1473 1508 omnes

341 1553 480 1630 stellas,
496 1557 525 1613 et
547 1550 600 1613 lux
622 1548 700 1609 illius
724 1547 879 1611 ineffabilis
903 1553 983 1625 erat,
1007 1553 1036 1608 et
1058 1554 1212 1630 stuporem
1234 1550 1358 1612 incussit
1380 1551 1473 1631 ipsius

346 1658 480 1722 novitas.
526 1654 631 1716 Omnia
661 1658 758 1714 autem
788 1653 903 1733 reliqua
936 1658 1032 1730 astra,
1063 1671 1122 1714 una
1154 1664 1221 1715 curn'
1251 1654 1315 1716 sole
1334 1661 1373 1716 et
1395 1655 1475 1732 luna,

347 1762 463 1826 chorus
487 1758 571 1820 fuere
594 1756 699 1818 stellae
707 1776 717 1832 ;
740 1751 829 1838 ⁶ipsa
852 1775 928 1819 vero
951 1756 1050 1818 lumen
1074 1774 1160 1820 suum
1182 1758 1362 1821 extendebat
1383 1777 1475 1840 super

347 1865 461 1930 omnia.
505 1863 542 1925 Et
563 1860 746 1943 perturbatio
770 1869 843 1940 erat,
866 1862 946 1924 unde
961 1861 1096 1942 prodiret
1111 1863 1226 1924 novitas
1243 1863 1300 1924 illis
1317 1862 1475 1926 dissimilis.

347 1966 453 2046 Quare
475 1967 571 2030 soluta
594 1970 640 2026 est
662 1966 758 2026 omnis
781 1967 895 2046 magia,
928 1972 957 2027 et
984 1983 1072 2027 omne
1095 1967 1243 2028 vinculum
1274 1969 1402 2031 malitiae
1431 1974 1477 2030 est

348 2074 508 2148 abolitum;
528 2070 694 2153 ignorantia
712 2068 861 2130 destructa
877 2075 932 2147 est,
948 2075 1033 2130 vetus
1050 2088 1176 2152 regnum
1197 2079 1243 2132 est
1258 2071 1476 2152 labefactatum,

346 2179 416 2245 Deo
447 2177 613 2238 humanitus
640 2170 844 2250 manifestato,
875 2174 905 2237 in
930 2174 1090 2236 nouitatem
1113 2175 1190 2235 vitae
1218 2181 1367 2238 aeternae.
1413 2177 1476 2238 lni-

340 2280 425 2348 ‘tium
454 2299 528 2345 vero
559 2297 637 2343 nunc
669 2279 789 2356 sumsit,
823 2272 930 2359 lquod
953 2279 989 2341 ab
1012 2278 1095 2341 initio
1122 2278 1198 2359 apud
1225 2275 1319 2340 Deum
1343 2275 1476 2360 paralum

348 2395 417 2451 erat
432 2381 455 2449 ⁸.
499 2385 570 2448 Inde
601 2378 727 2446 ⁹omuia
750 2379 1029 2463 commovebantur,
1063 2383 1132 2464 quia
1163 2383 1212 2446 ille
1242 2385 1345 2445 mortis
1377 2385 1475 2445 aboli-

347 2494 464 2556 tionem
486 2489 691 2553 meditabatur.
942 2486 945 2491 ’
968 2490 970 2494 ’
1211 2496 1215 2505 ·

347 2743 414 2787 tum.
452 2729 587 2800 Gottingae
608 2729 683 2782 1738.
702 2729 727 2780 4:
752 2757 782 2767 -
808 2726 901 2779 Locum
948 2724 992 2794 ι’5)
1012 2728 1108 2782 Similia
1134 2730 1252 2798 leguntur
1270 2730 1295 2781 in
1314 2729 1476 2781 Protoevan·

348 2815 901 2885 nostrumasmpieionednosuctsmtcon·
928 2814 996 2883 gello
1023 2817 1114 2869 Jacobi
1142 2820 1166 2882 §.
1187 2817 1228 2869 21.
1265 2817 1363 2868 Alludit
1389 2825 1477 2868 noster

348 2915 392 2959 tra
423 2904 541 2956 Baurium
571 2903 686 2955 defendit
717 2906 833 2958 lihitum
864 2904 901 2969 (in
930 2903 961 2953 ad
986 2906 1113 2956 somnium
1134 2903 1239 2971 Josephi
1265 2906 1277 2955 1
1300 2904 1362 2956 bfos.
1383 2904 1433 2966 37,
1451 2903 1476 2954 9.

347 2995 476 3056 Niedrrer,
496 2989 643 3053 zeitschrift
661 2989 701 3040 flir'
713 2989 798 3043 histor.
813 2989 900 3043 Theoi.
930 2988 989 3042 Cfr.·
1004 2994 1236 3057 Wiudieebmarm,
1265 2991 1399 3042 vindiciae
1424 2988 1477 3040 Pe-

350 3078 432 3130 1851.
451 3095 475 3144 p.
496 3075 546 3127 300
565 3093 619 3145 sqq.
929 3078 1010 3127 trinae
1029 3094 1054 3144 p.
1074 3076 1115 3129 98.
1135 3076 1194 3129 Νοι.

386 3166 418 3233 d)
436 3163 506 3216 llaec
524 3171 550 3214 et
568 3163 709 3231 sequentia,
729 3177 794 3229 quae
813 3161 837 3214 S.
857 3162 901 3230 lg·
964 3163 994 3231 6)
1012 3158 1094 3219 Αὐτός
1174 3159 1284 3229 ἀνόμοιος
1307 3160 1387 3220 αὐτοῖς
1405 3165 1479 3216 deest

349 3255 437 3304 matius
462 3250 494 3300 de
513 3250 585 3301 stella
604 3249 733 3318 Magorum
752 3249 862 3316 profert,
888 3266 902 3300 a
930 3251 997 3316 apud
1017 3249 1114 3316 Syrum.

349 3337 419 3404 Syro
444 3337 610 3402 abbreviata,
636 3345 662 3388 et
686 3337 720 3386 ita
745 3351 802 3386 cum
826 3344 902 3387 ante·
965 3337 994 3404 7)
1013 3336 1031 3388 l.
1046 3352 1069 3388 a.
1088 3339 1217 3391 adventur
1231 3341 1374 3393 christiin
1387 3341 1477 3403 terrie.

350 3423 503 3477 cedentibus
531 3422 595 3472 Θεοῦ
624 3412 738 3490 ἕπράχθῇ
768 3421 903 3487 conjuncta
965 3419 1085 3493 &11an
1118 3423 1172 3489 Θεῷ
1201 3420 1383 3492 ἆπηρτισμένον.
1431 3424 1478 3476 Hic

348 3517 426 3574 eunt,
456 3519 485 3560 ut
511 3509 546 3561 nil
573 3510 666 3561 habeat
692 3511 739 3561 nisi
767 3509 902 3561 insulsum:
931 3511 1022 3562 desinit
1040 3511 1252 3576 vereioSyrieca,
1270 3528 1284 3563 a
1304 3529 1352 3580 que
1370 3511 1478 3563 ut'ciare

347 3590 619 3666 'triodaedmyeteria
632 3601 902 3666 netettascctaeamt.
930 3605 1049 3664 apparet,
1081 3598 1209 3665 quaelibet
1237 3597 1360 3663 formula,
1390 3599 1478 3666 quibus
1581 3636 1583 3640 -

351 3688 508 3754 Dmiuper
537 3683 553 3733 l.
580 3699 603 3735 o.
633 3700 658 3750 p.
684 3682 735 3734 390
763 3700 800 3752 sq.
837 3684 903 3736 bene
931 3684 992 3736 alias
1011 3684 1134 3751 epistolae
1153 3674 1272 3736 concludi
1285 3683 1377 3748 solent,
1397 3685 1477 3738 abest.

351 3772 475 3838 erponit,
513 3778 669 3838 quantopere
699 3769 776 3821 lectio
807 3771 904 3822 codicis
931 3772 985 3823 Nec
1002 3774 1098 3823 mirum.
1123 3771 1260 3823 Monachus
1279 3773 1345 3822 enim
1364 3771 1407 3822 iile
1426 3786 1477 3822 uon

350 3857 462 3910 bfedicei
489 3856 530 3908 hic
549 3851 725 3924 praeferenda
745 3857 777 3907 eit
794 3858 905 3909 versioni
930 3861 1040 3927 integras
1066 3857 1156 3926 Ignatii
1182 3857 1303 3925 epistolae
1322 3860 1347 3908 in
1366 3858 1476 3925 linguam

351 3940 484 4009 Syriacae.
521 3940 594 3994 Clare
613 3942 654 3992 hie
674 3951 795 4010 apparet,
814 3943 904 4009 Syrum
931 3946 1060 4012 Syriacam
1079 3954 1258 4009 transvertere,
1278 3944 1323 3995 sed
1338 3958 1368 3994 ea
1381 3952 1477 3993 tentum

351 4045 446 4098 graeca
477 4028 650 4081 abbreviasse.
696 4029 746 4081 Cfr.
778 4033 902 4100 Ublhorn,
932 4032 1077 4084 exscribere
1089 4032 1178 4096 voluit,
1198 4048 1263 4100 quae
1276 4032 1325 4099 ipsi
1336 4031 1476 4097 praecipue

351 4116 368 4168 l.
383 4133 404 4168 e.
417 4133 444 4184 p.
458 4116 501 4181 50,
522 4117 563 4182 qui
583 4123 678 4167 textum
691 4123 802 4167 nostrum
816 4126 904 4169 contra
931 4128 1017 4171 notatu
1035 4119 1109 4188 digna
1129 4117 1286 4170 videbantur.

351 4201 508 4258 huneenium
527 4201 593 4254 hene
613 4201 736 4254 defendit.
967 4205 996 4270 9)
1015 4204 1033 4257 1.
1050 4221 1073 4273 e.
1091 4208 1120 4258 io
1137 4221 1216 4276 regan
1234 4208 1356 4261 Salonem.
1386 4206 1476 4257 Sume.
