3659 5209
539 520 662 577 tonum
677 520 834 591 urtsrotn
851 521 896 577 hl)
915 522 1231 601 ruttsossut’mtnstta
1248 525 1279 580 l.
1297 527 1339 584 Vl.
1435 532 1499 597 215

334 718 346 769 J
374 684 412 749 V.
459 682 556 748 Orate
577 702 637 763 pro
659 703 716 759 me,
739 684 793 764 qni
818 683 966 764 consepto
988 684 1032 746 od
1046 684 1250 766 Eooooeliom
1272 696 1303 751 et
1320 688 1500 770 Apostolos.

644 788 806 853 Honorota
829 789 923 851 etiam
941 790 1112 870 prophetas
1140 789 1171 852 V.
1198 790 1229 852 Τ.

343 942 348 979 Ι
441 882 442 885 '
465 892 585 954 Fratres
607 893 678 971 mei,·
699 891 785 955 valde
809 892 922 959 ellusus
944 912 1009 956 sum
1032 896 1062 956 in
1082 913 1214 959 amorem
1235 898 1338 976 vestri,
1361 905 1390 961 et
1412 899 1500 964 valde

329 1022 347 1087 ς
373 997 501 1061 laetatus
523 996 637 1058 roboro
660 1013 734 1072 v0s3
766 1014 826 1061 non
849 1015 915 1078 ego,
932 1016 1023 1077 vero,
1046 999 1100 1062 sed
1123 999 1212 1062 lesus
1236 1001 1386 1081 Christus,
1414 987 1500 1086 euJus

329 1122 350 1195 ,ς
374 1102 472 1184 gratia
496 1101 611 1162 vinetus
633 1100 700 1182 plus
725 1100 833 1178 timeo,
908 1089 933 1164 ‘a
963 1103 1094 1196 rendum
1119 1121 1184 1168 sum
1210 1106 1395 1189 ¹perleetus.
1440 1110 1500 1173 Sed

342 1227 351 1300 ᾗ
376 1207 474 1269 oratio
498 1210 600 1267 vestra
622 1204 659 1267 ud
675 1204 768 1266 Deum
790 1223 867 1288 me.⁴
910 1207 1004 1287 liniet,
1027 1217 1059 1271 ut
1081 1216 1164 1272 sorte
1186 1229 1242 1291 per
1266 1211 1500 1276 misericordiam

329 1350 352 1407 3!
375 1305 446 1373 mihi
462 1310 618 1391 assignata
641 1309 753 1390 potiar,
776 1307 798 1379 ,²
813 1328 881 1406 con
895 1313 990 1404 uniens
1021 1312 1058 1375 ad
1080 1313 1275 1397 Evangelium
1302 1321 1438 1397 tanquam
1463 1315 1500 1389 ad

347 1416 573 1498 ·.s0rporaliter
593 1421 780 1496 praesentem
805 1414 968 1496 Christum,
999 1423 1038 1493 et
1052 1418 1087 1481 ad
1111 1417 1275 1498 Apostolos
1299 1426 1439 1501 tanquam
1462 1419 1500 1484 ad
1528 1410 1534 1421 '

329 1537 521 1618 *praesens
553 1518 699 1581 ecelesiae
727 1521 954 1602 presbyterium.
1000 1522 1058 1586 Sed
1088 1529 1118 1585 et
1140 1523 1302 1604 Prophetas
1331 1525 1499 1608 diligamus,

329 1660 350 1726 Ἐς
373 1627 444 1708 quia
468 1632 499 1687 et
520 1624 577 1705 ipsi
600 1623 795 1706 Evangelium
818 1628 1065 1706 annuntiaverint,
1091 1634 1119 1690 et
1133 1628 1167 1690 in
1191 1624 1367 1692 ³Christum
1389 1648 1499 1711 spara-

334 1730 345 1831 ,5
371 1729 482 1806 verint,
505 1729 653 1809 etipsum
677 1732 917 1811 exspectaverint
925 1753 934 1808 ;
957 1751 1120 1813 perquem
1142 1739 1171 1795 et
1195 1734 1353 1797 credentes
1375 1731 1499 1797 salutem

329 1894 340 1935 Ι
367 1834 529 1912 consecuti
552 1841 637 1913 sunt,
660 1834 734 1897 Jesu
758 1834 875 1899 Christo
897 1838 987 1913 uniti;
1016 1856 1106 1918 quum
1129 1845 1232 1900 essent
1253 1839 1364 1917 seneli,
1396 1857 1499 1902 amore

329 2008 332 2021 ¹
368 1946 402 2011 et
433 1938 629 2001 admiratione
660 1937 758 2021 digni,
791 1957 808 2000 a
839 1939 914 2003 Jesu
942 1939 1059 2002 Christo
1089 1941 1288 2003 testimonium
1317 1941 1434 2024 adepti,
1469 1948 1499 2004 et

329 2028 331 2041 '
368 2044 580 2119 connumerati
602 2043 632 2107 in
654 2041 820 2124 Evangelio
841 2044 908 2125 spei
932 2044 1103 2107 eommunis

596 2233 643 2296 Vl.
688 2232 751 2296 Neo
774 2241 875 2296 tomen
899 2213 1096 2296 Jndolsmum
1118 2232 1278 2295 admittite.

462 2355 492 2421 si
516 2357 581 2436 quis
604 2363 701 2418 autem
724 2356 810 2418 vobis
825 2354 1008 2418 ludaismum
1028 2352 1190 2434 praedicet,
1215 2371 1253 2415 ne
1275 2354 1399 2418 audiatis
1420 2375 1496 2418 eum.

366 2460 478 2527 Melius
511 2467 557 2523 est
590 2463 684 2539 enim,
716 2480 733 2523 a
765 2461 830 2523 viro
861 2459 1036 2521 circumciso
1070 2455 1350 2521 ⁴Christianismum
1382 2459 1496 2539 audire,

367 2586 461 2650 qnam
483 2569 519 2629 ab
543 2566 671 2628 habente
693 2546 877 2648 praeputium
900 2564 1091 2627 ludaismnm.
1138 2563 1168 2626 si
1199 2569 1296 2624 nutem
1319 2563 1436 2643 utrique
1460 2563 1497 2625 de

365 2671 445 2736 Jesu
471 2671 589 2732 Christo
612 2689 671 2733 non
694 2671 870 2752 loquantur,
903 2671 951 2733 isti
982 2669 1051 2731 mihi
1080 2665 1262 2759 ⁵columnae
1293 2668 1496 2750 sepulchrales

362 2785 402 2847 et
425 2781 608 2838 mortuorum
631 2783 700 2838 sunt
721 2780 935 2850 monumenta,
959 2774 1066 2854 quibus
1093 2773 1242 2835 hominum
1266 2775 1383 2835 nentina
1407 2772 1497 2834 dum-

367 2887 455 2944 taxat
476 2879 616 2958 inscripta
640 2886 717 2941 sunt.
762 2879 866 2959 Fugite
889 2881 979 2963 igitur
1002 2879 1092 2939 malas
1112 2883 1192 2939 artes
1216 2883 1247 2938 et
1266 2858 1388 2938 insidias
1410 2880 1497 2960 prin-

368 2985 447 3066 cipis
471 2984 570 3052 seculi?
586 2983 684 3066 hujus,
708 2985 880 3064 nequando
898 2982 1133 3064 prudentiaejus
1151 2983 1287 3063 oppressi
1307 2983 1336 3043 in
1356 2981 1498 3043 charitate

362 3086 384 3127 '⁶
396 3089 574 3170 langueatis.
610 3088 668 3152 Sed
685 3076 957 3167 omnesunitisitis
974 3086 1122 3150 indivulso
1139 3085 1240 3149 corde.
1273 3085 1388 3148 Gratias
1401 3092 1498 3148 autem

368 3214 433 3278 ago
459 3194 522 3256 Deo
546 3211 624 3272 meo,
648 3195 728 3276 qnod
753 3194 850 3276 quoad
875 3198 931 3256 vo's
954 3194 1031 3256 hona
1055 3180 1199 3274 gaudeam
1226 3191 1417 3268 conscientia,
1440 3203 1506 3252 nee·

367 3300 470 3386 possit
492 3299 647 3380 quisquam
661 3300 808 3382 -gloriari,
840 3299 889 3362 vel
920 3305 1038 3362 secreto
1069 3295 1114 3358 vel
1137 3297 1249 3378 palam,
1279 3316 1296 3360 a
1320 3315 1366 3358 me
1389 3315 1498 3377 quem-

368 3504 433 3542 osso
452 3488 635 3561 accipiendum.
652 3491 824 3558 -Lorar'apiua
843 3485 921 3555 (Opp.
985 3485 1014 3553 3)
1032 3485 1090 3537 Ver.
1109 3484 1156 3538 lat.
1174 3485 1237 3554 legit
1254 3485 1285 3540 εἰς
1304 3481 1419 3549 Χριστόν.

369 3562 416 3628 ed.
433 3560 676 3627 lachrnannltxt.
691 3592 715 3642 p.
730 3575 792 3642 567)
810 3577 923 3626 itascri·
955 3634 958 3640 Ι
984 3573 1012 3635 d]
1034 3569 1230 3635 Χριστιανισμόν.
1267 3571 1385 3636 Quaere,
1412 3560 1443 3622 au
1470 3578 1499 3622 ut

369 3660 486 3714 bendum
514 3677 571 3713 esse
600 3670 687 3729 putat:
718 3660 862 3728 npooipuyw'r
889 3663 924 3726 τῷ
951 3661 1098 3721 Antiochiae
1123 3661 1203 3726 priano
1228 3673 1320 3727 nomen
1346 3655 1497 3721 Χριστιανός,

368 3745 498 3813 ἔπισκόπῳ
516 3745 546 3804 ὥς
562 3751 631 3816 σαρκὶ
648 3744 720 3812 Ἰησοῦ
740 3749 861 3809 Χριστοῦ,
883 3733 922 3795 nui
950 3748 982 3799 ita'
1001 3747 1033 3799 ab
1053 3747 1166 3814 ignatio,
1191 3744 1342 3813 Antiochiae
1366 3746 1496 3810 episeopo,

368 3841 425 3890 τοῖς
441 3838 669 3901 πρεσβυτέροις
686 3832 805 3898 ὄκκλησίας
816 3831 846 3890 ὥς
857 3829 922 3883 oino-
950 3836 1056 3901 pritanum
1080 3841 1201 3900 usurpata
1222 3847 1273 3884 vox
1287 3818 1496 3897 ¹Xororrarorpdot

370 3919 473 3978 στόλοις.
518 3921 569 3973 hta
595 3917 731 3988 εὐαγγέλιον
761 3920 793 3971 de
823 3923 924 3989 seriptis
951 3925 1080 3972 Purason.

371 4008 533 4077 Evangeliir,
552 4003 682 4056 ἀπόστολοι
695 4006 727 4058 de
740 4009 839 4074 scriptis
850 4010 923 4074 hpo·
984 4007 1012 4072 5)
1030 4008 1134 4070 Eritne,
1153 4008 1289 4059 odumnoe
1306 4005 1495 4074 sepulchrales.

372 4096 513 4160 stolorum,
539 4096 657 4158 προφῆται
682 4095 715 4145 da
741 4095 839 4160 scriptis
857 4092 923 4144 Pro·
974 4094 1013 4157 s)
1040 4094 1077 4145 lta
1110 4102 1181 4145 reete
1214 4091 1291 4142 habet
1320 4089 1495 4156 luterpolator.

372 4185 507 4254 phalarum
521 4197 568 4233 seu
580 4178 686 4249 delhsl.
699 4182 841 4248 ascipiunt..
859 4180 923 4232 hlale
951 4179 1012 4233 Cod.
1026 4158 1083 4246 hia,
1101 4183 1125 4233 in
1145 4195 1194 4249 quo
1212 4198 1236 4227 m
1254 4177 1403 4246 saepissimo
1422 4190 1497 4242 pros

373 4274 560 4326 Elohlrorrsr'ue
578 4269 610 4319 de
631 4266 763 4335 Prophetis
781 4273 845 4323 novi
862 4268 922 4321 toe—
949 4268 1102 4334 scribuntur,
1121 4269 1224 4321 exhibet
1241 4261 1426 4329 ἱξασθενὴσεται,
1447 4265 1495 4315 Ju-

374 4343 922 4431 derirseudoctoribuschristianissomaiatss
950 4348 1071 4429 nossem

1482 4538 1592 4658 Ι
