3659 5209
544 529 681 584 manno
700 529 834 585 aaaron.
872 529 969 585 titan
987 532 1030 613 nr.
1066 531 1190 587 srnnn.
1210 532 1273 589 vm
1406 512 1469 604 401

336 707 420 772 pars
443 690 544 772 populi
561 691 729 774 hujusmodi
746 691 846 774 virgas
863 693 1044 777 porrigebat,
1068 699 1098 756 et
1117 712 1255 777 magnum
1271 713 1311 758 ex
1327 691 1373 758 bis
1389 715 1471 760 nun·

345 795 409 874 lios
432 794 482 856 ille
503 794 643 877 gaudium
666 796 763 879 cepit;
781 800 815 875 et
837 796 866 858 bi
890 799 1262 863 seorsumstatuebantur.
1305 798 1364 862 Alii
1389 801 1470 865 ¹ad-

344 897 487 977 ferebant
502 900 603 981 virgas
620 917 689 963 snas
706 900 827 979 virides,
850 907 879 962 et
893 898 1048 985 pampinos
1064 901 1216 981 habentes,
1240 901 1314 964 ethi
1333 920 1471 968 seorsum

347 1004 564 1066 statuebantur.
609 1005 645 1066 Et
663 1005 723 1068 bos
747 1022 868 1085 quoque
890 1008 1010 1068 nuntius
1032 1006 1082 1068 ille
1106 1025 1213 1089 magna
1235 1025 1311 1070 cum
1325 1007 1471 1070 hilaritate

347 1101 525 1188 excipiebat.
569 1105 627 1169 Alii
651 1107 814 1171 atterebant
836 1109 938 1190 virgas
960 1125 1029 1172 snas
1053 1110 1184 1190 virides,
1218 1129 1258 1174 ex
1280 1110 1388 1192 quibus
1411 1129 1470 1172 ex-

347 1217 508 1275 creverant
523 1212 658 1292 pampini
681 1230 792 1290 earum,
815 1214 866 1292 qui
889 1213 1017 1295 pampini
1042 1214 1187 1294 quosdam
1210 1214 1323 1278 tructus
1346 1213 1472 1278 adiere-

346 1314 429 1379 bant.
463 1314 532 1388 *Oui
558 1314 728 1397 hujusmodi
757 1318 871 1399 virgas
888 1317 1097 1400 porrigebant,
1128 1317 1215 1381 valde
1245 1318 1354 1381 hilares
1376 1324 1471 1380 erant

343 1420 451 1509 nnltu3
480 1418 534 1480 sed
556 1425 592 1481 et
621 1421 742 1483 nuntius
774 1421 840 1502 ipse
868 1421 985 1502 quidem
1016 1440 1071 1484 en¹
1089 1423 1132 1485 eis
1164 1440 1299 1506 magnam
1329 1422 1470 1486 laetitiam

349 1524 533 1604 percipiebat
541 1544 550 1599 ;
574 1542 630 1585 nec
653 1526 749 1586 ninus
772 1532 873 1606 pastor
895 1525 944 1588 ille
967 1541 1033 1588 corn
1056 1543 1095 1588 eo
1111 1546 1150 1589 ex
1166 1526 1270 1591 eadam
1285 1543 1375 1591 eausa
1391 1526 1471 1590 bila-

329 1627 636 1719 ·rjtalem‘capiebat.
789 1692 793 1698 ,
890 1699 892 1703 Ι
1114 1679 1134 1718 0
1219 1676 1224 1683 .
1381 1651 1384 1655 ·

365 1752 392 1779 ¹·
436 1732 471 1806 ll.
514 1733 598 1794 Tunc
629 1734 747 1796 nuntius
770 1734 887 1799 Domini
919 1752 1048 1799 coronas
1073 1734 1164 1818 jussit
1193 1732 1313 1797 adferri.
1358 1735 1473 1799 Allatae

349 1842 424 1899 sunt«
442 1842 539 1899 autem
554 1854 686 1900 coronae
702 1838 783 1900 velot
800 1857 839 1900 ex
854 1841 959 1921 palmis
975 1840 1081 1918 iactae,
1101 1844 1131 1901 et
1146 1840 1302 1902 coronavit
1319 1858 1374 1903 eos
1388 1840 1473 1903 viros

347 1943 486 2019 nuntius,
515 1942 545 2003 in
576 1959 703 2022 qnorum
736 1944 828 2025 virgis
858 1945 1013 2025 pampinos
1037 1945 1191 2006 invenerat
1215 1951 1246 2005 et
1267 1944 1412 2020 lroctom3
1444 1948 1474 2005 et

340 2047 438 2127 jussit
460 2046 582 2108 eos-ire
605 2047 635 2109 in
657 2043 797 2109 ²torrim.
843 2046 903 2110 Sed
936 2053 965 2108 ct
994 2046 1059 2109 illos
1090 2048 1173 2113 viros
1206 2047 1284 2107 misit
1306 2048 1335 2108 in
1360 2048 1473 2126 turrim,

341 2151 376 2215 in
404 2169 530 2232 quorum
554 2152 646 2234 virgis
662 2150 842 2213 sineiructu
857 2152 1014 2212 invenerat
1029 2151 1193 2231 pampinos,
1217 2150 1286 2212 dato
1303 2151 1346 2211 eis
1363 2152 1472 2232 sigillo.

341 2240 424 2319 Nam
448 2256 716 2329 vestem-eamdem
740 2255 901 2333 habebant,
930 2253 1048 2334 idest,
1078 2254 1232 2317 candidam
1256 2254 1332 2317 sicut
1355 2255 1473 2331 nivem·;

342 2380 417 2427 cnm
441 2379 498 2442 qua
517 2359 641 2443 jubebat
663 2360 745 2440 ipsos
768 2359 812 2421 ire
834 2360 864 2421 in
887 2360 1000 2435 turrim,
1043 2359 1107 2422 Nec
1133 2359 1229 2421 minus
1260 2363 1290 2419 et
1319 2375 1391 2435 eos,
1422 2357 1473 2436 qui

341 2464 542 2528 reddiderant
564 2464 666 2547 virgas
689 2480 758 2526 suas
781 2461 1070 2545 sientiacceperant
1088 2462 1209 2553 virides,
1232 2461 1300 2525 data
1323 2462 1366 2523 eis
1387 2467 1473 2523 veste

343 2567 494 2645 candida3
516 2568 613 2630 etsie
636 2584 691 2630 eos
715 2567 822 2630 dimisit
843 2567 888 2628 ire
911 2567 941 2628 in
964 2569 1074 2630 turrim.
1119 2566 1171 2629 llis
1195 2565 1405 2629 consummatis
1433 2564 1473 2627 ait

343 2674 386 2738 ad
421 2679 581 2755 pastorem.
601 2671 715 2734 illum·:·-
732 2688 818 2754 „ego
848 2672 946 2747 vado;
971 2669 1034 2755 ¹³tu
1064 2690 1139 2736 vero
1172 2672 1283 2734 dimitte
1311 2670 1367 2733 bos
1387 2670 1472 2732 r'ntra

341 2794 471 2855 muros,
502 2778 532 2839 in
555 2794 593 2839 eo
616 2776 700 2855 loco,
733 2793 792 2856 quo
816 2776 943 2863 quisque
965 2776 1072 2856 meruit
1094 2777 1246 2854 babitare,
1275 2770 1472 2837 consideratis

332 2883 433 2966 prius
457 2881 550 2963 virgis
573 2897 676 2943 eorum
700 2878 857 2962 diligenter
865 2900 874 2954 ;
897 2886 1012 2959 tamen,
1043 2899 1081 2943 ne
1113 2882 1179 2963 quis
1198 2887 1240 2942 'te
1269 2878 1363 2970 sallat,
1395 2895 1472 2939 con-

344 2987 459 3052 sidera.
505 2984 563 3049 Sed
588 2992 617 3046 et
639 2986 665 3048 si
689 2986 756 3065 quis
779 2991 809 3047 te
831 2984 1046 3065 praeterierit,¹
1068 2985 1182 3067 inquit,
1211 3001 1270 3066 ego
1297 2972 1367 3045 eos'
1381 2997 1473 3061 super
1519 3038 1521 3042 ,

346 3109 432 3155 aram
454 3084 617 3169 probabo.“
657 3089 709 3152 His
733 3090 769 3152 ad
787 3096 950 3176 pastorem.
966 3088 1051 3152 dictis
1074 3089 1208 3167 recessit.
1248 3076 1406 3166 Postqoam
1421 3083 1472 3164 ille

334 3196 541 3272 discesserat,
558 3193 603 3255 ait
625 3193 695 3261 mihi
717 3200 837 3275 pastor:
863 3193 1061 3275 „accipiamus
1085 3194 1121 3256 ab
1145 3192 1280 3275 omnibus
1307 3189 1419 3271 virgas,
1443 3193 1474 3249 et

346 3299 514 3381 plantemus
546 3297 628 3374 illas,
662 3297 687 3359 si
717 3298 833 3379 possint
863 3297 1086 3360 revirescere.“
1132 3296 1216 3359 Dico·
1238 3295 1282 3357 ei:
1317 3290 1473 3382 „domine,

346 3405 437 3481 istae,
460 3420 537 3485 quae
559 3407 629 3465 sunt
649 3400 751 3464 aridae
774 3402 889 3483 virgae,
912 3419 972 3481 quo
988 3399 1076 3463 modo
1093 3405 1220 3481 possunt
1237 3385 1471 3477 revirescere?“

347 3506 401 3570 an
423 3506 510 3568 mihi:
544 3506 663 3587 ,arbor
691 3506 745 3568 ista
762 3506 846 3574 ¹salin
868 3510 930 3584 est,
957 3512 991 3568 et
1020 3501 1152 3586 semper:¹
1170 3494 1248 3566 amat
1270 3499 1397 3581 ⁴bitam.
1443 3499 1475 3576 Si

348 3612 498 3694 plantatae
510 3599 590 3692 'ergo
606 3609 716 3673 luerint
731 3610 787 3672 hae
799 3611 914 3694 virgae,
932 3610 1137 3691 exiguumque
1147 3607 1280 3677 humoris
1293 3593 1474 3688 acceperint,

348 3714 495 3798 plurimae
525 3704 565 3803 en
595 3713 638 3776 eis
669 3713 863 3776 revirescent.
909 3715 1043 3787 Tenbabo
1069 3715 1151 3776 enim
1183 3718 1213 3774 et
1240 3708 1407 3775 suffundam
1429 3708 1475 3770 eis

389 3920 418 3988 l)
435 3918 465 3970 tti
483 3927 542 3971 sunt
560 3916 740 3989 confessores,
760 3920 802 3985 qul
818 3935 900 3972 vexa-
927 3921 1031 3984 tentiae,
1048 3917 1219 3981 iitraduotur,
1232 3915 1323 3984 quibus
1335 3912 1474 3981 poeniten·

349 4009 435 4069 dones
446 4005 479 4057 ob
488 4005 563 4056 fidem
573 4006 689 4072 perpessi
699 4013 765 4058 suot.
786 4002 836 4058 Cir.
847 4004 901 4058 cd.
927 4007 963 4058 tia
981 4013 1020 4078 est
1039 4003 1145 4074 agenda.
1183 4001 1234 4054 Cir.
1254 4018 1275 4054 c.
1294 4001 1319 4054 3.
1353 4061 1357 4068 ι

386 4095 415 4154 2)
436 4091 529 4144 Omnes
547 4093 573 4142 in
594 4094 681 4149 turrim
701 4093 840 4158 mittuntur,
853 4093 901 4161 ,qui
962 4092 992 4160 t)
1009 4092 1029 4144 l.
1042 4108 1065 4144 e.
1081 4094 1229 4161 Lipnorum
1245 4090 1362 4142 solioum
1379 4095 1476 4141 notarri

350 4179 533 4235 satisfecerunt
550 4176 602 4246 legi
619 4186 646 4229 et
658 4188 824 4232 serraverunt
837 4194 900 4232 eam.
928 4198 959 4233 ea
977 4164 1032 4243 ert,
1056 4189 1086 4233 ot
1100 4181 1227 4246 arefacta
1250 4177 1327 4243 licet,
1354 4177 1382 4228 aa·
1399 4174 1476 4225 modo

350 4267 405 4321 cn.
425 4280 448 4318 o.
468 4263 492 4314 3·
603 4301 607 4307 ι
669 4286 673 4309 ¹
887 4260 906 4303 ss
928 4260 1173 4335 centenitatem-ar,
1193 4265 1336 4347 virescant.
1360 4259 1386 4312 S.
1399 4257 1475 4310 Hilar.

388 4354 417 4419 3)
436 4350 550 4417 Pastori,
569 4353 612 4421 qui
630 4361 670 4405 est
687 4353 789 4406 nuntius
806 4351 900 4419 poeni·
928 4352 960 4404 ad
979 4351 1018 4404 l’a.
1038 4349 1096 4435 tao.
1175 4392 1180 4401 .
1204 4408 1206 4413 y

405 4457 470 4498 Patrai
483 4461 546 4508 apert.
562 4454 599 4496 ot.
615 4457 649 4498 tv.
1227 4435 1269 4502 26

1453 4528 1578 4659 Γ
