3659 5209
634 544 813 603 ohannein
831 545 997 601 urrsroua.
1026 546 1055 601 x.
1365 560 1406 623 25

285 708 342 787 qui
362 727 425 770 uon
442 707 555 771 babent
573 708 759 789 squamam?
797 709 866 772 l'ria
889 708 1027 793 dogmata
1048 710 1243 775 inintellecta
1267 733 1409 797 compre-

284 811 399 874 hendit.
438 814 531 877 Porro
554 814 593 875 ait
613 813 669 876 illis
685 813 830 876 Dominus
851 814 881 877 iu
904 813 1148 879 deuteronomio:
1177 814 1184 853 ¹
1202 827 1231 879 et
1246 819 1409 898 disponam

284 918 334 979 ad
348 919 500 997 populum
521 920 792 998 buucprceccpta
814 937 889 981 mea.
936 918 1045 981 Nonne
1067 938 1143 1004 ergo
1169 921 1334 984 mandatum
1353 923 1408 998 [lei

285 1025 351 1098 est,
384 1038 422 1082 ne
452 1022 654 1085 manducent?
699 1023 768 1098 Est3
798 1022 851 1084 sed
883 1023 985 1086 lloses
1015 1026 1044 1086 in
1075 1025 1180 1104 spiritu
1213 1025 1327 1086 locutus
1355 1032 1407 1090 est

285 1123 479 1205 Quapropter
493 1127 537 1189 sic
551 1147 636 1189 suem
654 1127 702 1205 ait,
724 1127 808 1207 quasi
824 1126 953 1188 diceret:
974 1146 1032 1190 uon
1049 1127 1225 1190 adhaerebis
1245 1128 1408 1192 hominibus

284 1228 411 1304 talibus,
439 1231 489 1308 qui
514 1230 626 1293 similes
649 1237 718 1294 sunt
741 1231 850 1311 porcis.
897 1231 970 1293 Nam
993 1250 1082 1312 quum
1105 1234 1134 1293 in
1161 1233 1275 1295 deliciis
1301 1234 1410 1312 vivunt,

285 1331 406 1394 Domini
429 1335 475 1395 sui
498 1333 726 1411 obliviscuutnr;
759 1353 848 1414 quum
871 1341 969 1417 autern
993 1335 1191 1399 destituuntur
1219 1338 1410 1415 necessariis,

286 1434 444 1499 Dominum
468 1444 641 1520 agnoscunt.
686 1438 723 1500 Et
746 1437 865 1518 quidem
888 1457 1015 1519 porcus,
1039 1439 1157 1520 quando
1181 1440 1327 1517 comedit,
1351 1440 1410 1504 do·-

285 1542 396 1603 minum
413 1560 473 1605 non
490 1544 589 1619 novit3
612 1542 731 1623 quando
754 1549 851 1605 antem
875 1544 977 1622 esurit,
1001 1543 1121 1619 clamat3
1146 1550 1176 1605 ει
1191 1550 1312 1625 accepta
1329 1561 1409 1621 esca,

286 1645 396 1706 iterum
419 1652 504 1708 tacet.
548 1647 612 1709 Nec
633 1644 854 1724 manducabis,
886 1648 996 1728 inquit,
1021 1649 1176 1729 aquilam,
1202 1668 1299 1729 neque
1322 1648 1409 1711 orei-

282 1749 417 1827 pitrem,
441 1769 539 1830 aeque
560 1752 699 1827 mileum,
723 1770 822 1831 oeque
845 1771 982 1816 corvum.
1016 1752 1094 1821 ,Non
1114 1752 1306 1829 adhaerebis,
1330 1751 1409 1828 dicit,

285 1849 370 1915 ²nec
385 1854 487 1916 similis
503 1854 563 1916 eris
578 1855 613 1917 iis
629 1855 806 1934 hominibus,
829 1857 880 1936 qui
903 1858 1039 1920 nesciunt
1054 1857 1110 1918 sibi
1126 1857 1230 1919 labore
1246 1874 1280 1918 ac
1296 1856 1409 1918 sudore

286 1974 396 2037 parare
411 1959 530 2037 victum,
553 1957 607 2020 sed
624 1958 719 2021 aliena
738 1959 857 2039 rapiunt
879 1960 997 2038 iniquc3
1021 1955 1076 2020 ³et
1094 1978 1183 2039 quum
1204 1958 1361 2020 videantur
1377 1958 1408 2021 in

287 2060 475 2142 simplicitate
505 2061 672 2138 ambulare,
702 2061 885 2129 tamenaliis
908 2061 1092 2124 insidiantur.
1137 2059 1201 2124 ‘Et
1223 2080 1295 2125 aves
1321 2064 1408 2141 istae,

288 2163 361 2226 duro
380 2166 496 2237 otiosae
515 2163 631 2243 sedent,
654 2172 810 2244 quaeruut,
831 2163 982 2246 quomodo
1002 2165 1113 2228 alienas
1129 2182 1235 2227 carnes
1252 2165 1407 2243 devorent,

287 2275 421 2348 suntque
436 2269 465 2329 in
481 2267 588 2331 malitia
611 2287 664 2340 sua
687 2267 854 2349 pestiferae.
892 2269 957 2331 Nec
974 2266 1191 2342 manducabis,
1214 2269 1316 2347 inquit,
1340 2287 1408 2328 mu·

288 2392 430 2446 rochum,
451 2393 550 2453 neque
567 2373 726 2454 polypum,
750 2391 847 2452 nequa
868 2374 996 2451 sepiam.
1035 2371 1113 2448 Non,
1137 2371 1240 2450 inquit,
1261 2371 1409 2430 adhaere-

286 2476 341 2555 bis,
365 2495 423 2537 nec
437 2477 540 2538 similis
558 2476 616 2538 eris
632 2474 801 2558 hujusmodi
821 2476 1000 2554 hominibus,
1024 2475 1119 2556 quiin
1136 2481 1312 2556 perpetuum
1330 2473 1410 2553 impii

286 2587 374 2659 sunt,
397 2587 426 2641 ει
446 2580 482 2641 ad
503 2585 627 2642 mortem
646 2586 715 2641 sunt
736 2577 893 2660 adjudicati
900 2600 910 2656 3
937 2579 1183 2660 quomadmodum
1200 2579 1247 2639 isti
1267 2577 1409 2658 pisciculi,

286 2684 344 2745 soli
360 2684 515 2760 maledicti,
532 2685 564 2746 in
580 2680 729 2764 prolundo
746 2683 924 2762 volutantur,
948 2702 1005 2747 nec
1021 2689 1051 2746 nt
1066 2683 1172 2764 reliqui
1192 2683 1290 2764 pisces
1307 2699 1410 2742 emer-

286 2794 371 2868 gunt,
396 2786 498 2848 sedin
518 2793 607 2865 terra,
631 2805 708 2868 quae
730 2788 759 2847 in
781 2786 931 2866 profundo
952 2789 1040 2849 maris
1058 2794 1113 2864 est,
1137 2787 1258 2868 degunt.
1297 2784 1358 2848 Sed
1380 2791 1410 2846 at

287 2891 433 2968 leporem,
457 2890 560 2971 iuquit,
584 2910 649 2953 nou
670 2892 820 2952 comedes.
859 2891 1081 2965 Quamobrem?
1115 2887 1171 2952 ⁵td
1193 2895 1247 2968 est,
1272 2889 1409 2952 noueris

285 3012 445 3075 puerorum
469 3001 641 3074 corruptor,
673 3011 729 3057 nec
752 2994 877 3055 similem
900 3000 930 3054 te
954 2993 1060 3056 talibus
1084 2993 1215 3069 efficies3
1239 2989 1409 3073 ⁶quontam

285 3099 370 3179 lepus
391 3099 475 3160 annis
497 3098 623 3180 singulis
647 3115 733 3158 anum
758 3096 937 3178 multiplicat.
983 3099 1063 3172 Quot
1092 3099 1170 3161 enim
1200 3115 1294 3160 annos
1326 3097 1407 3177 vivit,

287 3208 330 3262 tot
352 3201 440 3263 habet
463 3201 614 3263 foramina.
652 3202 715 3263 Sed
735 3220 792 3265 nac
814 3203 969 3281 hyaenam
991 3202 1203 3264 manducabis.
1247 3201 1313 3264 Nou
1338 3203 1407 3279 eris,

287 3306 392 3385 inquit,
415 3305 538 3383 adulter,
560 3324 660 3386 neque
676 3312 835 3386 corruptor
854 3323 1026 3386 puerorum,
1049 3322 1148 3387 neque
1164 3305 1269 3368 talibus
1286 3307 1406 3368 assimi-

286 3411 404 3472 laberis.
443 3411 567 3484 Quare?
612 3410 686 3483 Ouia
710 3410 786 3471 istud
810 3410 915 3472 animal
939 3410 1089 3471 annuatim
1111 3428 1216 3471 sexum
1240 3415 1349 3485 mutat,
1378 3416 1408 3470 et

286 3514 375 3574 modo
398 3531 475 3590 mas,
499 3513 587 3576 modo
611 3513 718 3574 semina
740 3521 793 3574 est.
832 3513 891 3576 Sed
913 3520 941 3575 et
961 3514 1113 3577 mustelam
1131 3515 1212 3596 justo
1236 3512 1305 3575 odio
1330 3530 1407 3594 pro·

284 3624 407 3680 secutus
430 3624 482 3678 εει.
530 3617 716 3694 Dissimilem,
741 3618 852 3697 inquit,
875 3625 904 3679 te
927 3619 1085 3698 praebebis
1109 3617 1179 3678 viris
1203 3616 1275 3693 illis,
1304 3610 1408 3696 ⁷quos

283 3719 419 3783 audimus
441 3739 498 3795 ore
521 3722 636 3802 impuro
659 3723 817 3803 nequitiam
840 3729 958 3802 patrare
966 3743 976 3798 3
1004 3740 1061 3784 nec
1085 3721 1261 3784 adhaerebis
1288 3722 1408 3803 impuris

282 3926 382 3974 tionem
401 3923 563 3993 allegoricam
589 3927 663 3977 etiam
682 3927 749 3994 apud
769 3924 832 3977 Cle·
860 3937 921 3995 quot
938 3929 994 3979 aiant
1012 3928 1133 3993 corporea
1158 3941 1285 3979 cavernae
1302 3929 1336 3978 nd
1353 3943 1407 3979 ox-

281 4018 396 4062 mentem
410 4009 481 4062 Alex.
495 4011 639 4079 Paodagog.
651 4012 694 4065 lib.
707 4012 738 4064 ll.
753 4027 775 4063 c.
792 4013 831 4063 10.
861 4023 992 4066 creanenta
1010 4013 1103 4078 lepori,
1124 4013 1227 4063 totidem
1245 4028 1329 4063 uranos
1348 4025 1409 4063 esu

281 4096 410 4164 reperies,
429 4099 471 4164 qui
485 4114 541 4150 eam
554 4115 568 4149 ε
582 4096 712 4149 Barnabae
726 4099 832 4167 epistola
859 4103 963 4151 notulis.
999 4101 1085 4160 latam,
1108 4104 1246 4164 utramque
1269 4098 1324 4147 vion
1346 4094 1408 4144 alu·

281 4184 406 4236 sumsisse
422 4183 531 4235 videtur.
860 4186 933 4254 pulis
959 4187 1064 4247 laesae,
1089 4199 1120 4234 ac
1145 4185 1206 4234 alne
1229 4196 1303 4232 more
1328 4193 1408 4244 acque

319 4269 352 4332 6)
367 4268 441 4335 Apud
452 4269 568 4334 Plinium,
582 4268 640 4320 hist.
653 4277 704 4319 nat.
718 4268 762 4321 lib.
772 4269 833 4324 lllll.
860 4275 993 4341 pipam..
1352 4307 1354 4311 ν

282 4374 307 4410 c.
322 4354 495 4426 bblegimnoa
514 4358 660 4411 Archelaou
677 4363 771 4409 auctor
781 4369 833 4427 ut,
896 4359 926 4424 7)
945 4354 1088 4411 Bellatores
1099 4360 1125 4405 ot
1137 4351 1283 4404 lellatricoo.
1310 4351 1406 4401 (toran.

1395 4553 1526 4662 ἰ
