3659 5209
362 590 366 595 ·
440 563 514 619 1.le
874 559 1128 624 subsecuuntur.
1366 559 1564 629 [eustolus

439 724 607 789 attentiores
630 722 728 784 which
752 722 823 802 they
844 723 909 783 hod
931 722 1037 784 shewn
1061 729 1090 784 lo
1116 722 1196 799 him,
1228 741 1270 784 en
1300 722 1515 797 exhortativa
1541 733 1565 788 lo

441 833 520 894 them
543 839 573 893 lo
597 830 714 890 imitate
737 830 786 889 the
806 829 889 907 pond
911 829 1055 906 example
1078 826 1117 903 of
1134 827 1215 888 their
1236 826 1374 907 Bishop,
1410 828 1484 889 ond
1514 831 1564 892 od·

439 936 508 996 vice
528 935 598 996 how
622 933 690 1013 they
718 932 834 993 should
864 940 1005 1009 comporl
1032 932 1227 993 themselves
1243 933 1367 994 toward
1401 932 1489 994 their
1518 953 1564 1014 op

438 1057 558 1118 posces,
582 1039 615 1097 in
636 1036 799 1114 retorninp
821 1034 971 1096 hindness
992 1033 1047 1112 for
1069 1037 1221 1114 injurias,
1244 1036 1308 1096 ond
1330 1035 1502 1100 mechncss
1523 1038 1564 1116 sor

438 1144 562 1224 railinp.
612 1140 671 1202 The
694 1139 815 1219 Epiatle
847 1147 878 1202 to
901 1138 1058 1219 Polpcurp
1089 1141 1159 1202 also
1187 1141 1274 1219 pines
1302 1137 1434 1216 further
1463 1144 1564 1206 adata

438 1267 475 1309 os
499 1256 529 1309 to
552 1246 681 1308 retortae
704 1222 805 1305 toties
829 1244 862 1303 in
886 1261 1024 1304 common
1047 1242 1122 1320 lise,·
1146 1244 1211 1304 ond
1233 1241 1380 1305 lihewise.
1397 1247 1489 1315 adds
1509 1266 1563 1309 aon

434 1351 640 1414 instructions
672 1349 845 1429 respectinq
877 1348 1080 1427 nantelmony,
1117 1346 1191 1409 with
1225 1365 1268 1407 on
1303 1347 1511 1412 admonitione
1539 1359 1562 1412 lo

383 1440 387 1447 ¹
436 1457 531 1519 wives
561 1462 591 1515 to
623 1455 690 1515 loce
720 1452 799 1513 their
827 1452 1001 1526 herbonis,
1034 1451 1098 1512 ond
1129 1457 1160 1512 to
1190 1449 1350 1511 husbands
1379 1460 1414 1514 to
1449 1454 1562 1521 chariat

437 1561 518 1623 their
547 1559 650 1621 wives.
699 1556 795 1617 These
820 1557 928 1636 surely
958 1556 1051 1616 could
1082 1563 1138 1617 nol
1165 1556 1243 1616 hooc
1278 1554 1353 1616 been
1385 1561 1561 1640 peculiaria

436 1664 624 1742 appropiate
647 1661 748 1722 lotha
775 1662 886 1737 „piens
908 1661 983 1722 nse“
1009 1658 1047 1736 os
1066 1679 1086 1721 o
1107 1659 1217 1734 monh,
1251 1660 1354 1721 whose
1378 1681 1560 1745 eurynome

436 1767 593 1827 indicates
617 1766 683 1826 thot
703 1767 742 1827 he
762 1766 827 1829 nod
848 1765 967 1844 quitted
989 1762 1036 1823 the
1058 1762 1136 1844 busy
1163 1762 1263 1825 world
1270 1809 1279 1837 ,
1310 1769 1504 1830 renonnccd
1522 1769 1560 1830 rb

435 1873 508 1956 holp
530 1873 571 1933 tie
593 1873 632 1952 of
648 1872 841 1952 matrimony,
866 1871 940 1947 und,
965 1868 1190 1946 comeqnentlp,
1214 1868 1309 1929 could
1332 1878 1392 1930 not
1413 1873 1515 1935 stand
1534 1873 1558 1932 ir

435 1972 514 2039 need
538 1974 576 2052 os
595 1995 657 2056 unp
679 1974 719 2053 os
737 1978 824 2038 those
846 1975 1050 2037 instructions
1072 1973 1173 2033 which
1205 1972 1302 2032 relate
1328 1977 1558 2058 peculiorlyto

393 2116 399 2128 ι
437 2102 457 2143 a
479 2089 559 2143 stote
585 2082 660 2142 wilh
689 2082 789 2143 which
818 2083 856 2143 he
884 2081 943 2141 hos
974 2098 1014 2140 no
1046 2076 1224 2152 concern“,
1260 2076 1277 2137 i.
1301 2095 1328 2138 e.
1361 2081 1512 2158 epistolae
1532 2080 1558 2143 S.

435 2187 540 2267 ignatii
563 2185 599 2247 ad
622 2185 767 2266 Ephesios
792 2185 879 2247 etad
904 2184 1097 2264 Polycarpum
1121 2184 1207 2242 etiam
1231 2182 1259 2242 in
1284 2200 1319 2243 ea
1343 2182 1458 2262 lerina,
1481 2205 1557 2267 quau

436 2291 528 2373 Syrus
559 2290 692 2372 proicit,
724 2292 810 2352 rmhta
841 2290 1011 2364 continent,
1044 2306 1120 2367 quae
1151 2287 1318 2348 monachus
1349 2305 1367 2348 e
1394 2291 1557 2370 probaton

435 2414 521 2475 quam
546 2401 688 2476 putamus,
712 2394 813 2455 harum
839 2391 1029 2471 epistolarum
1055 2391 1147 2452 lerina
1172 2392 1223 2452 vix
1239 2394 1463 2472 -exscripsissel
1486 2402 1517 2457 et
1535 2397 1557 2455 iu

435 2503 582 2582 epitomen
607 2499 642 2559 ud
668 2516 738 2559 usus
763 2499 828 2577 pios
851 2495 1037 2575 redegisset,
1071 2513 1136 2556 narn
1167 2496 1205 2557 ibi
1237 2495 1396 2558 disseritur
1420 2499 1463 2560 de
1487 2501 1556 2562 bonu

435 2604 572 2683 excrrrplo
596 2601 728 2681 episcopi
753 2600 902 2681 Ephesini‚
927 2600 964 2660 de
986 2599 1093 2661 ciliciis
1112 2587 1190 2682 ¹erga
1213 2602 1357 2678 inimicos,
1383 2607 1557 2684 praesertim

434 2707 471 2768 de
488 2706 594 2768 ‹riliciis
610 2708 782 2783 cunjnpnm,
800 2722 876 2783 qnae
891 2706 1072 2765 monachum
1088 2723 1147 2767 non
1163 2709 1295 2768 attinent.
1326 2704 1556 2773 lla-Curetonns

433 2811 492 2875 Sed
516 2816 576 2871 tota
600 2809 675 2869 haee
698 2808 912 2888 argumentatio
935 2810 1010 2886 ruit,
1038 2810 1064 2870 si
1091 2813 1181 2872 verba
1214 2817 1331 2872 nostra:
1365 2817 1557 2891 „versionem

432 2915 595 2994 Syriacam
626 2931 690 2974 non
720 2913 784 2973 nisi
807 2915 960 2995 epitomen
983 2924 1128 2994 reputare
1147 2934 1330 2995 possumus,
1366 2936 1388 2977 a
1411 2920 1556 2987 monacho

434 3019 570 3097 quodum
598 3016 728 3100 Syriaco
758 3019 791 3078 in
816 3020 966 3096 proprios
994 3038 1070 3080 nsns
1095 3021 1168 3097 pios
1198 3020 1397 3098 consectom“
1430 3055 1478 3066 -
1509 3039 1556 3084 nou

430 3123 512 3202 justo
536 3122 644 3181 arctius
668 3122 855 3200 interpretari
881 3122 964 3182 velis.
1011 3121 1047 3202 a)
1076 3125 1121 3185 hil
1146 3127 1294 3204 propriam
1318 3127 1397 3186 enim
1424 3127 1555 3190 monachi

433 3225 525 3305 ipsius
550 3223 783 3285 aedificationem
806 3225 894 3286 nrulta
920 3227 1121 3306 pertinebant,
1150 3229 1277 3307 qairrein
1302 3231 1430 3309 epistola
1459 3229 1555 3314 Ignatii

432 3330 468 3392 ad
486 3329 632 3411 Ephesios
650 3330 724 3390 dicta
741 3335 809 3390 sunt
825 3330 863 3391 de
879 3332 1034 3392 uirtutibus
1050 3333 1182 3412 episcopi
1205 3351 1220 3392 a
1244 3330 1381 3393 fidelibus
1403 3335 1554 3413 imitandis,

433 3434 471 3495 de
503 3451 604 3494 arrrore
638 3452 709 3514 erga
742 3434 874 3495 inimicos
906 3441 934 3494 et
965 3434 1003 3494 de
1035 3435 1289 3522 benedictionibus
1320 3437 1349 3497 in
1383 3438 1554 3518 injuriantes

433 3537 634 3602 conferendis.
680 3534 718 3619 b)
748 3539 861 3600 Deinde
889 3540 914 3600 si
939 3539 1113 3600 monachum
1138 3539 1218 3599 illum
1241 3540 1423 3620 Presbyterii
1458 3545 1554 3607 ordine

432 3643 601 3723 insignitum
625 3648 728 3723 putare
751 3643 836 3722 velis,
860 3662 920 3705 uon
944 3644 1077 3720 urireris,
1099 3657 1175 3704 ‘eum
1206 3645 1234 3705 in
1266 3655 1338 3705 usus
1361 3663 1438 3707 suos
1465 3649 1554 3710 hurm-

431 3747 537 3809 leticos
561 3765 615 3808 seu
638 3747 803 3829 pastorales
836 3750 1026 3829 excerpsisse
1058 3748 1280 3829 adhortationes
1313 3749 1377 3810 illas
1402 3752 1432 3812 S.
1459 3752 1553 3836 lgnutii

432 3852 462 3912 in
487 3851 610 3930 epistola
635 3851 669 3912 nd
694 3851 896 3933 Polycarpum,
920 3850 1141 3914 adhortationes
1165 3852 1232 3914 dico
1256 3853 1293 3912 de
1317 3851 1425 3916 officiis
1452 3858 1552 3921 mutuis

433 3956 561 4017 omnium
585 3954 711 4017 fidelium
734 3962 764 4015 el
788 3956 824 4016 de
848 3955 955 4016 ollieiis
978 3957 1148 4036 conjugum.
1239 3965 1242 3972 '

519 4057 660 4120 Ceretani
676 4060 802 4140 vestigia
819 4076 1004 4138 persequens
1020 4061 1232 4120 illustrissimus
1246 4078 1339 4139 eqrres
1354 4059 1553 4130 Christianus

426 4160 568 4225 'Carolus
598 4163 742 4238 Romen,
777 4169 797 4224 t.
828 4168 846 4222 l.
875 4165 959 4241 regis
992 4163 1152 4225 Bornssiae
1184 4171 1287 4226 orator
1320 4166 1399 4253 apud
1432 4170 1553 4255 Augias,

431 4285 457 4329 a.
485 4263 566 4329 1847
590 4266 649 4328 duo
672 4267 765 4328 libros
789 4267 895 4344 publici
915 4268 992 4347 Juris
1017 4268 1103 4329 iecit:

449 4353 515 4456 l)
541 4372 602 4433 Die
635 4372 704 4433 drei
738 4371 848 4434 dchleu
881 4371 948 4434 und
981 4373 1033 4434 die
1069 4375 1136 4436 cler
1169 4374 1324 4443 undchten
1357 4373 1472 4456 Briefe
1497 4379 1553 4460 ples
