3659 5209
672 529 693 584 1.
714 529 896 586 ctuttunns
915 530 962 585 ΑΙ)
981 530 1055 586 COR.
1074 531 1101 587 t.
1118 533 1157 588 ld.
1415 539 1477 606 123

346 694 485 769 Oramus
509 694 600 776 igitur
622 698 652 757 et
672 698 806 774 petamus
833 691 891 755 ¹ab
909 692 987 756 iltius
1001 693 1215 774 misericordia,
1239 701 1271 757 nt
1289 695 1320 759 in
1334 695 1477 761 charitato

343 801 502 877 vivamus,
525 800 590 861 sine
612 797 815 879 propensione
840 798 938 877 aliqua
953 797 1099 895 humana,
1112 805 1143 860 et
1160 800 1308 887 inculpati.
1345 798 1477 864 ¹Gene·

348 905 488 967 rationes
505 920 608 966 omnes
624 898 684 964 ³ab
698 900 791 964 Adam
807 919 903 983 osque
918 903 948 964 in
961 902 1137 966 hodiernum
1152 904 1229 966 diem
1242 909 1475 987 praeterierunt3

350 1008 406 1087 qui
429 1025 502 1069 vero
526 1024 581 1087 per
603 1006 658 1069 Dei
681 1006 804 1088 gratiam
827 1007 857 1067 in
881 1005 1023 1069 charitate
1046 1015 1116 1070 sunt
1138 1011 1349 1088 consummati,
1379 1011 1476 1075 locum

349 1113 472 1194 piorum
496 1110 638 1189 obtinent,
662 1117 693 1171 et
707 1111 738 1171 in
753 1108 924 1171 visitatione
946 1111 1034 1192 regni
1050 1110 1156 1173 Christi
1179 1109 1476 1177 ¹maniiestabuntur.

351 1216 500 1297 Scriptum
524 1217 601 1277 enim
625 1221 689 1277 est:
718 1210 909 1293 ⁵iaqredere
932 1214 967 1275 ia
991 1214 1136 1277 cubicula
1154 1214 1320 1294 paululum
1346 1214 1478 1299 ⁶quarr-

351 1321 589 1401 tulumeunque,
623 1321 721 1382 donec
742 1319 793 1381 ira
814 1336 883 1380 mea
913 1325 944 1379 ct
970 1321 1065 1399 furor
1092 1328 1296 1398 pertranseat
1302 1343 1314 1395 ;
1347 1317 1404 1385 ⁷et
1424 1343 1477 1386 re·

353 1425 513 1488 oordudor
542 1425 607 1487 diei
637 1425 729 1500 boui,
763 1429 792 1484 et
819 1421 980 1485 suscitabo
1010 1443 1068 1486 aas
1096 1443 1113 1486 e
1144 1427 1321 1503 sepulchris
1352 1428 1475 1490 cestris.

351 1529 436 1590 Beati
458 1546 570 1606 sumus,
594 1528 702 1606 dilecti,
725 1528 750 1588 si
773 1533 933 1608 praecepta
949 1526 1066 1590 Domini
1089 1530 1118 1590 in
1144 1529 1294 1591 charitatis
1314 1531 1475 1594 concordia

351 1632 591 1713 impleverimus,
623 1638 653 1696 ut
675 1650 730 1714 per
760 1626 958 1695 ⁸eharitatem
990 1638 1111 1713 peccata
1143 1628 1274 1696 ⁹nostra
1304 1634 1391 1696 nobis
1423 1654 1478 1696 re·
1556 1690 1560 1695 .

351 1738 512 1799 mittantur.
558 1737 703 1817 Scriptum
727 1736 804 1797 enim
828 1742 889 1796 est:
915 1731 942 1772 ¹⁰
957 1735 1048 1813 beati,
1073 1756 1205 1816 quorum
1229 1739 1380 1800 remissae
1403 1747 1478 1801 suat

351 1841 546 1920 iniquitates,
571 1848 601 1901 et
616 1858 747 1920 quorum
762 1847 843 1901 tectu
858 1848 933 1901 suut
942 1849 1084 1919 peccatu.
1131 1841 1245 1903 Beatam
1261 1843 1322 1918 air,
1348 1841 1373 1879 ¹¹
1387 1846 1478 1922 eujus

350 1952 512 2023 peceatum
526 1945 680 2008 Dominus
701 1963 764 2006 nou
787 1942 958 2022 imputabit,
983 1963 1081 2022 aeque
1104 1953 1151 2005 est
1172 1946 1206 2004 ia
1221 1964 1275 2008 ore
1291 1948 1360 2024 ejus
1378 1947 1477 2010 dolus.

351 2050 437 2112 Haec
466 2048 655 2112 beatitudinis
684 2047 868 2128 praedicatio
898 2046 934 2108 ad
965 2064 1019 2108 eos
1049 2046 1194 2127 pertinet,
1226 2049 1276 2127 qni
1298 2050 1476 2130 pertesum

352 2153 505 2216 Christum
528 2152 686 2213 Dominum
715 2158 850 2213 nostrum
872 2169 889 2213 a
912 2151 978 2214 Deo
1008 2157 1078 2214 sunt
1108 2150 1214 2230 electi,
1243 2154 1290 2214 cui
1317 2155 1355 2215 sit
1381 2157 1477 2239 gloria

340 2260 385 2322 in
410 2257 513 2320 secula
535 2256 713 2320 secutorum.
758 2254 863 2318 Amen.

352 2553 398 2617 LI.
436 2551 575 2615 Dissidii
589 2551 772 2631 participes,
793 2553 979 2629 praesertim
998 2560 1153 2629 auctores,
1178 2551 1386 2631 confiteantur
1404 2568 1478 2629 pea-

782 2661 883 2718 catum
904 2657 1053 2735 ipsorum.

447 2777 650 2858 Quaecunque
680 2778 770 2858 igitur
798 2797 855 2859 per
883 2778 996 2858 aliquas
1028 2775 1193 2838 adversarii
1228 2774 1251 2813 ¹¹
1266 2776 1478 2857 suggestiones

358 2879 552 2959 deliquimus,
576 2883 692 2944 veniam
715 2889 745 2944 et
766 2882 977 2965 indulgentiam
1000 2882 1208 2962 imploremus3
1241 2880 1283 2942 illi
1305 2899 1398 2959 vero,
1430 2881 1480 2961 qni

357 2985 566 3048 seditioniset
589 2987 785 3051 dissensionis
807 2987 962 3069 principes.
981 2987 1168 3064 exstiterunt,
1191 3002 1377 3047 communem
1396 3002 1478 3065 spem

357 3089 553 3170 contemplari
581 3088 698 3152 debent.
744 3092 802 3166 Qui
836 3093 913 3153 enim
946 3091 977 3153 in
1011 3092 1119 3152 timore
1153 3096 1183 3152 et
1214 3090 1356 3151 charitate
1390 3090 1479 3152 vitam

357 3194 481 3274 degunt,
505 3212 539 3255 se
561 3195 644 3275 ipsos
667 3196 764 3274 potius
787 3214 874 3276 qnam
898 3195 1052 3276 proximos
1076 3195 1107 3255 in
1135 3188 1159 3231 ¹³
1174 3194 1322 3256 cruciatus
1345 3193 1479 3255 incidere

355 3296 471 3374 volunt,
495 3303 525 3358 et
547 3314 581 3359 se
602 3299 684 3378 ipsos
707 3299 805 3379 potius
829 3299 1063 3379 quampulchre
1086 3304 1115 3360 et
1131 3299 1213 3380 juste
1236 3297 1370 3359 traditam
1392 3299 1479 3360 nohis

356 3401 588 3463 consensionem
619 3403 720 3465 subire
748 3404 998 3484 vituperationem
1028 3401 1145 3498 volunt
1186 3400 1291 3464 Melius
1325 3403 1403 3463 enim
1434 3405 1481 3462 est

355 3504 485 3581 homini,
508 3510 629 3584 peccata
651 3523 704 3568 sua
727 3507 880 3586 confiteri,
905 3526 992 3589 quam
1015 3506 1155 3569 indurare
1178 3524 1233 3569 cor
1254 3524 1359 3581 suum,
1393 3509 1480 3584 prout

355 3656 685 3727 apocrypholVEsdr.2,
704 3659 744 3712 16.
774 3663 903 3714 (insonus.
951 3661 998 3729 10]
1016 3661 1056 3713 Pa.
1076 3659 1119 3724 32,
1139 3660 1162 3710 1.
1182 3658 1207 3709 2.

354 3745 504 3798 Gallandius
522 3745 565 3796 vix
583 3744 691 3810 dubitat,
710 3748 769 3815 quin
789 3747 813 3799 S.
831 3747 905 3800 Pater
951 3746 996 3812 11)
1016 3736 1054 3798 01
1070 3741 1105 3794 οὐ.
1140 3743 1177 3796 lta
1198 3744 1322 3797 sehabet
1341 3745 1403 3798 Cod.
1423 3761 1479 3810 ms,

352 3833 500 3898 respexerit
517 3830 548 3880 ad
567 3829 629 3881 illud
642 3830 736 3887 Enoch.
750 3834 794 3899 37,
808 3834 848 3886 12.
862 3833 904 3885 13.
933 3834 989 3885 vm.
1009 3833 1096 3885 Codex
1113 3830 1176 3882 Lxx
1200 3833 1304 3898 interpr.
1327 3832 1430 3883 exhibet
1453 3820 1479 3894 ᾧ.

391 3917 423 3985 8]
451 3915 650 3982 Animadverte,
680 3918 721 3970 hic
748 3917 904 3971 Clementem
932 3921 974 3972 Sic
992 3920 1017 3970 S.
1036 3918 1128 3970 Paulus
1147 3918 1178 3967 ad
1197 3917 1270 3970 Rom.
1289 3918 1314 3981 4,
1334 3919 1358 3968 8.
1388 3922 1478 3965 Worr.
1583 3974 1586 3981 Ι

352 4002 466 4056 eandem
485 4002 560 4069 plana
579 4004 629 4054 vim
655 4009 778 4059 alacritati
802 4005 834 4055 ad
859 4021 904 4056 re·
952 4008 995 4071 12)
1015 4006 1055 4058 Sc.
1080 4001 1159 4054 δόλων
1182 4002 1225 4055 vct
1251 4000 1358 4067 ἒνεδρῶν.
1387 4004 1478 4048 Worr.

351 4090 503 4142 missionem
522 4099 685 4154 peccatorum
709 4107 756 4142 seu
776 4091 904 4156 justifica·
929 4088 958 4141 Ὁ
970 4088 1137 4156 ἐπικείμενος,
1152 4092 1304 4142 contrarius
1316 4105 1352 4137 =
1363 4085 1478 4148 Satanas,

351 4180 454 4231 tionem
472 4175 676 4243 consequendam
691 4177 811 4241 tribuere,
830 4194 904 4245 quam
932 4176 977 4229 cfr.
995 4177 1075 4245 Epist.
1095 4181 1176 4230 liora.
1197 4189 1220 4225 c.
1240 4174 1265 4226 2.

350 4264 445 4316 tribuit
462 4265 522 4327 [idei
539 4261 676 4328 Apostolus
694 4262 794 4314 Paulus.
951 4263 996 4332 13)
1016 4264 1061 4315 us.
1080 4262 1169 4316 οἰκίαις.

390 4349 422 4419 9)
441 4347 479 4398 ita
497 4347 644 4420 legendum,
666 4357 732 4401 testa
750 4348 904 4408 Jacobsouo,

1468 4526 1572 4658 Ι
