3659 5209
694 535 874 591 eduntote
894 533 1060 590 uersuum.
1088 535 1153 593 XV&
1443 541 1486 609 43

311 706 321 744 ²
359 697 396 760 lit
418 697 537 760 tandem
566 716 671 762 rursus
694 699 748 761 uit:
785 697 898 775 ἐσσε,
930 698 984 777 qui
1006 699 1230 762 destruxerunt
1251 703 1393 782 templum
1414 704 1484 781 doc,

311 812 321 851 ¹
360 804 423 882 ipsi
447 804 529 865 illud
551 803 769 884 acdificclmnl.
808 801 925 884 ²ldqne
947 803 1054 865 evenit.
1093 802 1167 864 Nam
1190 804 1258 884 quin
1279 807 1385 871 bellurn
1408 827 1484 891 ges-

311 917 320 973 l
334 917 344 923 ”
359 915 474 987 serunt,
499 909 534 970 ub
552 910 685 971 hostibus
700 907 882 970 destructum
898 914 945 970 est
961 908 1115 988 templum;
1139 915 1265 971 nuncet
1282 911 1338 991 ipsi
1358 912 1483 977 hostium

317 1026 320 1051 ¹
358 1015 483 1075 ministri
506 1013 698 1077 reaedificent
720 1013 798 1077 illud.
843 1012 969 1090 lterum,
1006 1011 1086 1092 qnod
1113 1011 1253 1075 tradendo
1279 1019 1358 1076 esset
1382 1016 1483 1080 civitas

311 1132 319 1175 r
358 1137 508 1181 unacum
533 1120 640 1201 templo
664 1125 781 1181 etcum
805 1117 918 1200 populo
939 1117 1117 1196 lsrndlitico,
1142 1126 1188 1181 est
1207 1118 1395 1182 declaratum.
1436 1120 1484 1184 tn

311 1237 319 1275 Ι
358 1225 469 1305 quippe
492 1225 651 1306 scripturo:
676 1220 730 1285 ³ct
749 1225 809 1285 crit
828 1224 861 1285 in
876 1224 1056 1285 novissimis
1071 1224 1192 1300 diebus,
1213 1225 1318 1285 tradet
1334 1223 1485 1286 Dominus

311 1344 319 1383 ε
359 1348 432 1392 coes
451 1330 566 1407 pascui
588 1337 618 1392 et
638 1329 720 1391 ovile
743 1336 773 1389 et
792 1329 904 1389 turrim
926 1347 1031 1390 corum
1050 1329 1083 1389 in
1101 1329 1239 1392 coritium.
1286 1328 1385 1409 Atque
1408 1346 1486 1391 con-

311 1429 319 1487 1
358 1435 439 1516 tigit,
471 1433 721 1514 quemadmodum
747 1434 864 1496 locutus
888 1439 934 1495 est
956 1433 1110 1496 Dominus.
1158 1434 1342 1508 Quaeramus
1375 1434 1485 1514 itaque,

317 1562 320 1591 ι
358 1533 425 1601 ⁴nn
450 1544 548 1601 exstet
571 1539 668 1602 odlruc
691 1538 829 1621 templum
852 1538 917 1600 Dei.
962 1537 1086 1617 Existit,
1121 1538 1170 1601 nbi
1200 1540 1328 1621 ipsemet
1357 1556 1391 1600 se
1415 1538 1486 1601 illud

311 1688 318 1715 ,
357 1643 460 1707 iacere
482 1661 517 1705 uc
540 1644 686 1726 perficere
709 1650 841 1707 testatur.
881 1644 1026 1725 Scriptum
1050 1644 1127 1706 enim
1151 1651 1213 1706 cst:
1238 1642 1292 1706 ⁵ct
1313 1644 1384 1720 erit,
1408 1641 1483 1705 net-

311 1746 322 1805 i
357 1749 496 1810 domcdc
519 1750 685 1827 completa,
710 1749 930 1830 aedificabitur
952 1745 1171 1829 “moynificnm
1194 1750 1337 1829 ternplum
1354 1749 1425 1824 Dei,
1450 1750 1484 1810 in

319 1899 322 1908 .
356 1855 481 1916 nomine
502 1855 640 1918 Domini.
686 1854 809 1918 Invenio
835 1854 945 1938 igilur,
980 1853 1061 1935 quod
1092 1855 1231 1936 templum
1262 1855 1370 1916 existit.
1418 1854 1483 1927 Duo

311 1950 319 2017 i
356 1959 473 2022 ratione
490 1951 567 2043 e'rgo
586 1957 788 2022 aedificabitur
807 1961 837 2020 io
854 1959 975 2022 nomine
990 1959 1118 2037 Domini,
1141 1959 1254 2022 discite.
1292 1953 1483 2040 'Antequam

311 2079 321 2141 ξ
355 2063 422 2127 Deo
446 2063 655 2141 crederemus,
686 2070 750 2126 eret
772 2062 872 2126 cordis
896 2062 990 2124 nostri
1016 2061 1193 2126 domicilium
1216 2064 1399 2144 corruptioni
1423 2064 1483 2126 ob-

311 2190 316 2239 !
354 2169 482 2231 noxium
502 2175 532 2229 et
546 2166 702 2246 imbecille,
725 2165 898 2229 admodum
920 2165 1018 2247 templi
1039 2185 1112 2228 vere
1128 2185 1181 2247 per
1200 2186 1303 2230 manus
1322 2168 1482 2244 aedificeti;

353 2272 479 2354 plenum
500 2270 645 2353 siquidem
669 2278 731 2334 emt
754 2263 901 2335 idolorum
925 2270 1023 2348 cultu,
1055 2265 1114 2333 ⁸et
1138 2280 1202 2333 erat
1225 2271 1330 2334 domus
1357 2271 1482 2332 dnemn-
1584 2270 1588 2279 '

354 2396 437 2454 num,
455 2377 521 2458 quia
539 2375 672 2455 lecimus,
689 2394 894 2457 quaecumque
910 2377 975 2440 Deo
992 2379 1142 2439 conlrnm‘a
1158 2383 1236 2439 sunt.
1272 2376 1483 2439 Aedificnbitnr

355 2487 464 2559 autem,
483 2482 634 2560 attendite,
656 2482 685 2543 in
701 2481 821 2544 nomine
836 2479 963 2559 Domini,
989 2489 1018 2544 ut
1041 2482 1179 2562 templum
1196 2481 1314 2543 Domini
1338 2474 1482 2560 ⁹rnngni-

353 2586 411 2647 lice
435 2584 615 2647 aedificetur.
662 2585 845 2659 Quomodo?
883 2586 1002 2648 Discite.
1048 2586 1180 2668 Accepto
1203 2587 1381 2647 remissione
1404 2602 1481 2665 pec-

354 2696 488 2751 catorum
508 2696 538 2750 et
556 2709 610 2771 spe
630 2690 725 2752 habita
745 2691 773 2751 in
786 2690 902 2753 'nomen
921 2691 1046 2769 Domini,
1067 2689 1136 2752 lacti
1152 2707 1254 2752 sumus
1271 2691 1350 2767 novi,
1376 2691 1481 2751 iterum

353 2794 392 2855 nb
408 2793 527 2875 integro
544 2794 648 2867 creati„
677 2793 748 2857 ldeo
765 2794 793 2855 in
811 2797 907 2874 nobis,
926 2797 954 2858 in
974 2796 1122 2859 domicilio
1140 2803 1254 2874 nostro,
1274 2814 1346 2858 vero
1363 2796 1443 2857 Dnus
1459 2790 1483 2830 ¹⁰
1510 2872 1516 2887 ..

353 2899 471 2961 habitet.
518 2899 585 2973 Ouo
608 2898 723 2962 modo?
746 2884 892 2964 ¹llorbum
917 2902 981 2983 ejus
1004 2899 1092 2979 fidei,
1115 2902 1233 2968 vocatio
1257 2903 1324 2984 ejus
1347 2900 1480 2982 promis*
1573 2969 1576 2976 ,

351 3005 466 3082 sionis,
490 3005 633 3086 snpientia
657 3004 877 3084 mandatorum,
900 3013 1059 3088 praecepto
1085 3005 1253 3085 doctrinae,
1277 3007 1338 3069 imo
1362 3006 1478 3088 ipsein

350 3110 440 3171 nobis
472 3108 645 3191 prophetui,
674 3111 789 3192 ipsein
820 3112 905 3173 nobis
934 3110 1090 3188 inhabitat3
1122 3112 1209 3173 morli
1239 3110 1362 3173 addictis
1392 3112 1477 3174 nobis

350 3213 459 3294 aperiit
482 3211 564 3274 iores
587 3215 696 3296 templi,
720 3217 736 3276 i.
754 3235 780 3277 e.
809 3215 827 3253 '¹
841 3234 887 3294 os,
910 3214 991 3277 dedit
1013 3216 1098 3278 nobis
1121 3217 1347 3298 poenitentium,
1372 3217 1477 3298 sieque

349 3316 516 3380 introduxit
540 3336 595 3381 nos
617 3320 646 3381 in
675 3317 697 3356 ¹²
714 3321 869 3403 templum,
891 3320 971 3403 quod
995 3319 1106 3391 destrui
1129 3338 1188 3384 non
1211 3327 1316 3403 potest.
1362 3322 1476 3400 Quare,

351 3423 404 3503 qui
429 3424 508 3504 cupit
531 3440 599 3484 esse
622 3424 731 3504 sulvus,
755 3445 814 3488 non
839 3428 867 3488 in
894 3423 921 3463 ¹³
937 3426 1085 3488 hominem
1108 3426 1246 3508 respicit,
1268 3427 1322 3488 sed
1346 3428 1375 3488 in
1400 3446 1477 3504 eum,

349 3526 403 3608 qui
428 3526 456 3588 in
481 3527 599 3590 lroorinc
623 3527 747 3609 habitat,
771 3537 858 3612 atque
886 3528 950 3593 ¹‘in
974 3548 1012 3592 eo
1035 3530 1182 3611 loquitur;
1206 3531 1372 3611 admirans,
1396 3530 1476 3611 quod

386 3765 417 3830 8)
444 3769 495 3815 Καὶ
523 3785 555 3820 ex
582 3772 661 3824 clem.
689 3774 764 3826 Alex.
793 3782 820 3826 ot
846 3783 898 3827 vet.
928 3771 986 3838 ἡμῖν
1003 3778 1129 3824 normann.
1161 3771 1212 3824 Cir.
1227 3777 1335 3843 Mdltlor,
1356 3773 1476 3825 Athenas.

346 3856 444 3920 interp.
466 3858 580 3907 restituo.
610 3856 638 3907 ln
657 3857 701 3910 lls,
723 3871 779 3927 post
798 3858 898 3911 nidulo·
928 3861 955 3913 T.
974 3860 992 3912 l.
1012 3879 1037 3928 p.
1052 3861 1100 3912 lt.

345 3942 456 4002 λανριίας
474 3941 618 3994 abundent:
637 3943 698 4001 οἶκος
714 3944 899 4012 εἰδωλολατρία.
947 3947 992 4014 11)
1012 3949 1050 3998 dd
1070 3949 1265 4000 annuntiandam
1289 3949 1397 4017 gloriam
1417 3948 1474 4001 Dei.

388 4028 417 4091 9)
436 4027 472 4079 ltu
491 4032 569 4082 Diem.
583 4034 657 4089 Alex.
677 4042 703 4084 et
722 4043 772 4086 ret.
793 4037 899 4103 interm,
948 4035 993 4103 12)
1012 4033 1031 4084 l.
1046 4051 1069 4086 e.
1089 4053 1139 4088 reor
1157 4037 1233 4106 ipson
1246 4040 1330 4108 effecit
1343 4039 1393 4087 lale
1406 4045 1474 4086 lern-

349 4113 397 4165 tls.
417 4112 518 4185 ἔνδοξος.
670 4121 674 4127 ’
926 4125 1007 4191 plum.

371 4201 417 4264 10)
434 4198 461 4251 ‘0
481 4200 536 4257 θεὸς
554 4204 570 4254 1.
592 4220 614 4256 e.
634 4204 750 4269 Χριστός,
771 4207 816 4259 cfr.
836 4224 900 4276 quoe
948 4208 991 4274 13)
1012 4209 1059 4273 Qui
1080 4218 1119 4260 est
1138 4224 1233 4276 praeco
1253 4205 1396 4274 Evangelii.

349 4286 484 4340 Barnabas
510 4305 586 4356 supro
617 4291 678 4355 dixit
705 4293 776 4345 eli.
803 4311 828 4361 p.
853 4295 899 4352 ll:
948 4296 993 4364 11)
1012 4287 1474 4358 ltnDuvrs.;l'er.lenocinium

349 4372 390 4425 ὅτι
409 4375 506 4440 ἔμελλεν
523 4373 549 4427 ἓν
566 4380 632 4446 σαρκὶ
651 4381 809 4447 consociatior
825 4383 863 4430 καὶ
876 4379 901 4431 ἓν
930 4381 974 4438 lle.
993 4377 1032 4437 ἔπ’
1049 4378 1121 4453 adegi.

1448 4570 1586 4662 Ι
