3659 5209
633 550 736 606 tubex
753 552 867 607 RERUM
886 553 928 608 ΕΤ
945 554 1177 611 personantia.

375 814 462 851 sumus
482 799 506 848 16
526 797 575 847 boc
593 797 690 862 secula,
709 799 811 849 minime
829 815 891 849 vero

373 894 435 953 post
462 884 519 935 142.
557 881 670 935 Christus
697 885 771 935 nabis
798 887 891 951 paeni-

375 973 475 1024 tentiae
484 973 588 1039 gratiam
599 971 705 1039 largitur
714 970 756 1021 64.
764 972 823 1022 224.
833 973 890 1024 269.

376 1059 444 1112 Ante
460 1061 701 1109 consummationem
716 1060 892 1110 16111666616-

376 1150 431 1200 siae
457 1147 615 1213 poenitentia
644 1146 741 1212 agenda
768 1155 807 1197 est
832 1147 891 1199 335.

375 1235 437 1285 431.
464 1233 523 1284 434.
565 1232 742 1284 Paenitentiae
766 1234 891 1299 justorum

375 1322 472 1373 babent
490 1321 562 1385 lines,
583 1319 700 1387 gentibus
719 1329 803 1372 autem
824 1338 890 1388 poe-

375 1410 479 1460 nitentia
499 1409 622 1476 usquein
642 1409 803 1459 novissimum
824 1409 890 1459 diem

376 1495 436 1549 327.
467 1494 557 1546 Donec
568 1504 668 1562 tempus
681 1494 811 1558 babemus,
824 1510 890 1561 poe-

376 1584 507 1634 nitentiam
524 1598 627 1650 agamus
643 1582 702 1634 142.
735 1581 799 1632 11616
811 1585 892 1649 possit

375 1671 533 1738 poenitentia
558 1670 599 1737 agi
623 1678 680 1737 past
705 1678 811 1721 martem
831 1669 890 1724 337.

377 1757 426 1821 Qui
452 1757 634 1824 paenitentiam
659 1766 781 1824 egerunt,
806 1757 891 1808 beati-

375 1844 490 1896 tudinem
510 1843 612 1911 quidem
633 1853 822 1912 consequentur
834 1853 892 1911 past

376 1940 500 1994 martem,
524 1931 569 1981 sed
589 1928 733 1981 inferiorem
754 1939 779 1981 et
798 1932 890 1981 adum-

377 2018 475 2070 bratam
504 2016 562 2068 337.
606 2016 761 2068 Paenitentia
791 2018 889 2085 agenda

376 2102 488 2157 661346.
502 2102 561 2154 313.
576 2103 635 2155 327.
666 2104 751 2156 Servis
764 2103 811 2155 Dei
823 2121 889 2172 poe-

374 2192 477 2243 nitentia
503 2208 557 2244 unu
582 2199 621 2241 est
646 2191 704 2243 350.
724 2191 788 2256 352;
817 2196 890 2244 etiam

374 2287 435 2348 post
449 2278 598 2344 baptismum
612 2277 672 2342 351,
685 2278 730 2329 666
745 2282 817 2330 66166
831 2280 889 2332 352,

1400 565 1465 630 465

331 709 582 763 Ρ66611661166
605 708 675 762 16661
694 718 747 774 est,
774 704 907 782 quamdiul
953 714 1124 780 poenitentiae
1155 714 1237 766 lacum
1267 722 1395 770 concessit
1423 721 1465 774 64.

954 799 1112 852 Ρ6661166116
1142 806 1312 855 remuneratio
1340 809 1465 874 quaedam

954 895 1006 949 est,
1038 903 1111 954 quam
1140 888 1211 952 Deo,
1242 892 1341 942 medico
1368 903 1465 960 nostra,

954 972 1084 1024 tribuimus
1109 975 1165 1025 144.
1209 976 1397 1030 Paenitentlbus
1424 981 1465 1031 16-

954 1059 1038 1110 616661
1066 1069 1124 1111 6661
1153 1063 1221 1130 digni
1250 1064 1345 1116 1166166
1372 1069 1465 1133 poeni·

954 1150 1049 1197 tentiae
1068 1148 1118 1198 307
1137 1167 1174 1218 sq.
1211 1150 1367 1203 Paenitentia
1390 1152 1465 1204 labo-

954 1234 1020 1284 riosa
1040 1243 1093 1297 est3
1113 1238 1245 1302 poenitens
1264 1240 1331 1288 enim
1351 1239 1466 1300 affligere

954 1319 1032 1370 debet
1050 1323 1156 1372 animam
1175 1339 1254 1387 suam,
1274 1333 1300 1375 61
1315 1329 1464 1379 vexationes

952 1406 1042 1457 multas
1060 1409 1173 1474 perferre
1190 1409 1249 1461 398.
1280 1410 1426 1463 Electorum
1440 1422 1466 1465 et

953 1495 1136 1560 poenitentium
1164 1495 1241 1546 multa
1268 1505 1325 1547 sunt
1351 1515 1465 1565 genera;

955 1594 1044 1630 amnes
1068 1589 1152 1632 autem
1177 1596 1223 1649 pro
1246 1586 1422 1648 poenitentiae
1441 1595 1466 1638 et

953 1665 1077 1717 banamm
1113 1682 1218 1734 operam
1253 1686 1354 1722 suoram
1389 1673 1465 1725 mado

954 1753 1097 1805 mercedem
1112 1753 1239 1806 habebunt
1251 1757 1310 1808 399.
1341 1757 1390 1820 061
1408 1767 1465 1811 tor-

953 1843 1044 1892 mentis
1073 1848 1167 1893 tantum
1197 1851 1319 1906 coaetus,
1352 1860 1402 1894 uon
1434 1862 1466 1897 ax

953 1927 1041 1990 corde,
1060 1926 1136 1978 fidem
1156 1929 1300 1998 abnegavit,
1322 1931 1352 1983 ad
1373 1933 1466 1998 poeni-

952 2015 1054 2064 tentiam
1087 2014 1233 2067 admittatur
1261 2016 1321 2068 430.
1371 2015 1467 2079 Quodsi

953 2102 1008 2168 quis
1027 2116 1058 2150 ex
1076 2101 1233 2166 praecordiis
1252 2104 1369 2154 inventus
1389 2105 1467 2156 166111

954 2188 1105 2254 denegasse,
1124 2203 1156 2237 66
1174 2189 1250 2238 vitam
1262 2191 1362 2256 assequi
1375 2192 1464 2256 possit,

953 2276 1042 2343 ignora
1061 2277 1122 2326 ibid.
1160 2274 1225 2326 Vide
1245 2279 1387 2328 Remissia.

376 2365 437 2418 406.
484 2363 591 2415 11661166
621 2367 794 2430 paenitentiae
823 2367 889 2431 346;
919 2362 1094 2428 Polybius,
1121 2361 1301 2413 Trallianorum
1320 2364 1464 2429 episcopus,

375 2454 537 2522 praepositus
564 2453 738 2518 paenitentiae
758 2452 823 2516 3813
850 2456 890 2504 cui

954 2465 967 2499 a
987 2448 1012 2499 S.
1031 2448 1129 2517 ignatio
1148 2449 1263 2500 laudatur
1282 2450 1340 2501 186.

376 2538 425 2592 6611
443 2554 490 2604 per
506 2547 587 2589 tatum
609 2538 696 2590 arbem
718 2541 890 2606 paenitentiae
917 2537 1096 2604 Polycarpi
1116 2535 1227 2604 elogium
1246 2536 1306 2588 234.
1341 2536 1464 2603 Polycar-

375 2633 492 2695 patestas
509 2626 600 2677 tributa
618 2626 727 2678 661436.
759 2627 808 2690 Qui
821 2643 890 2695 pae-

375 2713 509 2766 nitentiam
528 2721 622 2782 agunt,
641 2715 717 2765 vitam
737 2724 891 2781 recuperant

376 2800 446 2862 431;
483 2799 589 2850 satutem
623 2808 791 2868 assequuntur
824 2800 889 2864 404;

374 2895 484 2957 peccata
499 2885 790 2937 11116161611166161327.
822 2885 890 2937 Ρο6-

376 2975 510 3026 6116611616
530 2973 585 3024 Na'e'
606 2971 776 3040 praedicavit,
805 2975 891 3041 etqui

376 3062 539 3123 obedierunt,
555 3060 647 3110 servati
660 3067 716 3109 sunt
729 3059 771 3110 64.
801 3058 890 3111 06161-

376 3149 424 3202 bus
444 3146 633 3214 puanitentibus
651 3147 753 3198 remittit
771 3147 850 3213 Deus,
871 3152 891 3201 si

376 3254 407 3290 se
425 3241 575 3286 convertant
588 3233 619 3284 ad
635 3234 752 3285 unionem
766 3253 821 3288 cam
835 3235 891 3287 Dea

952 2641 1000 2691 pus
1014 2624 1133 2692 epistolas
1145 2623 1235 2692 lgnatii
1248 2626 1279 2676 66
1293 2624 1465 2690 Philippenses

952 2714 1096 2763 transmittit
1115 2713 1166 2763 270
1186 2729 1224 2781 sq.
1256 2711 1295 2762 Ab
1314 2713 1343 2761 iis
1362 2710 1465 2761 edoceri

952 2800 1016 2866 petit
1035 2798 1067 2849 66
1085 2802 1139 2866 ipsa
1157 2799 1271 2868 ignatio,
1296 2798 1379 2865 deque
1398 2796 1465 2851 111166

954 2886 1106 2950 comitibus,
1134 2888 1176 2954 qui
1201 2886 1305 2937 Romam
1332 2900 1390 2935 eum
1416 2884 1465 2935 66-

954 2973 1149 3024 66161661273.
1177 2972 1331 3039 Polycarpus
1344 2972 1368 3021 in
1382 2970 1465 3022 villam

953 3061 1052 3112 secedit
1070 3061 1134 3122 2763
1161 3075 1174 3109 a
1198 3058 1404 3126 persecutoribus
1424 3059 1465 3107 in-

954 3149 1054 3199 venitur
1066 3146 1132 3210 2783
1150 3149 1173 3197 in
1189 3146 1276 3197 urbem
1289 3144 1387 3196 ducitur
1399 3145 1464 3209 2803

954 3234 1077 3286 61116616
1103 3241 1129 3285 61
1150 3233 1253 3284 1161666
1278 3249 1293 3284 6
1318 3249 1391 3284 66116
1415 3233 1465 3283 66-

377 3332 404 3374 61
423 3321 453 3372 66
474 3320 675 3371 communionem
694 3337 749 3373 cum
769 3325 890 3390 episcopa
949 3321 1038 3386 jicitar
1050 3325 1126 3383 ibid.;
1148 3321 1277 3388 octaginta
1292 3329 1318 3371 et
1330 3334 1374 3372 sex
1386 3334 1466 3370 annos

377 3407 439 3460 216.
485 3407 614 3476 Quotquot
642 3409 796 3474 paenitentia
824 3409 891 3461 ducti

378 3495 410 3547 66
430 3495 551 3545 unitatem
571 3495 697 3547 ecclesiae
714 3497 847 3561 redierint,
866 3506 892 3548 et

378 3584 421 3634 isti
434 3581 481 3633 Dei
501 3590 573 3632 amnt
589 3590 615 3633 et
628 3582 766 3633 secundum
779 3582 800 3634 J.
815 3581 890 3634 Chri-

377 3679 443 3722 stum
475 3669 561 3720 rivant
591 3669 650 3719 212.
704 3669 890 3721 Paenitentiam

379 3775 458 3828 agere
489 3770 579 3822 magna
609 3757 731 3822 sapientia
762 3764 801 3807 est
831 3758 890 3809 351.

378 3843 532 3907 Quibusnam
558 3841 616 3905 det,
643 3841 788 3909 quibusnam
814 3853 892 3912 neget

379 3932 449 3984 Deus
486 3931 656 3997 poenitentias
691 3931 797 3997 gratiam
830 3934 890 3984 406.

379 4018 555 4070 Ρο6611661166
569 4017 673 4084 gratiam
687 4020 789 4085 sanguis
800 4017 891 4072 Christi

378 4107 425 4158 toti
443 4104 537 4156 munda
556 4102 646 4154 obtulit
664 4103 705 4155 64.
738 4103 832 4157 Omnes
849 4109 891 4158 di-

953 3407 1009 3459 Dea
1028 3409 1118 3459 seruiit
1135 3408 1202 3468 2823
1230 3406 1262 3456 66
1280 3422 1370 3474 rugum
1391 3406 1465 3458 darn-

955 3495 1105 3547 66161284.
1141 3494 1293 3546 Judaearum
1313 3494 1397 3545 adium
1417 3493 1466 3543 ad-

953 3599 1043 3634 versas
1061 3581 1229 3651 Polycarpum
1248 3580 1307 3631 281.
1326 3579 1385 3631 286.
1404 3579 1464 3630 290.

954 3668 1088 3736 Polycarpi
1101 3671 1214 3736 precatio
1227 3668 1286 3720 286.
1312 3665 1466 3730 Polycarpus

954 3759 1014 3825 igne
1041 3771 1092 3807 aon
1120 3757 1229 3807 laeditur
1255 3753 1323 3816 2883
1354 3752 1466 3817 pugione

953 3844 1108 3913 transfigitur
1118 3847 1180 3897 itta.
1211 3841 1308 3908 Corpus
1322 3837 1377 3902 ejus
1392 3834 1466 3886 Chri·

954 3934 1042 3984 stianis
1060 3948 1111 3983 nan
1129 3927 1314 3989 11661161290;
1333 3924 1466 3976 6666616-

955 4018 1051 4070 buritur
1074 4018 1132 4069 290.
1169 4015 1300 4083 lleliquiae
1325 4011 1381 4077 ejus
1405 4012 1466 4063 ibid.

953 4106 1061 4174 Tempus
1079 4105 1190 4170 martyrii
1210 4102 1269 4154 292.

379 4193 461 4245 lectas
479 4208 540 4242 suas
558 4189 627 4242 Deus
644 4193 817 4258 paenitentiae
838 4194 891 4246 lieri
919 4193 1036 4261 Polypi
1056 4209 1113 4244 esus
1132 4193 1226 4243 vetitus
1243 4189 1348 4241 ludaeis
1366 4186 1408 4238 24.

378 4279 434 4332 vult
458 4280 593 4346 participes
618 4278 659 4330 64.
697 4276 819 4332 Omnibus
841 4298 891 4334 va·
918 4281 1076 4332 Pontifex
1102 4295 1213 4331 summus
1234 4277 1403 4346 praestantior
1419 4287 1464 4323 sa·

378 4365 489 4419 lantibus
504 4365 628 4434 adipsum
643 4368 759 4419 converti
770 4365 892 4420 Dominus

396 4470 464 4510 Patres
476 4476 541 4522 apost.
557 4470 591 4513 ad·
605 4472 640 4517 iv.

953 4367 1101 4422 cersonam
1118 4365 1177 4419 218.
1196 4365 1257 4418 aaa.

1213 4451 1253 4518 31
