3659 5209
428 549 493 614 252
745 535 938 593 mmmm
957 535 982 591 S.
1000 533 1132 591 lorum.
1150 534 1182 591 V.
1200 534 1245 591 Vl.

428 701 485 778 τός
510 698 567 785 μέν
594 696 732 781 ἐξελθεῖν
759 690 927 773 ἔσπευδεν,
956 691 1025 760 κατ’
1052 684 1139 777 ῖχνος
1168 692 1329 777 βαδίζειν
1360 689 1480 760 ἐθέλων
1502 695 1548 760 τού

430 798 638 874 ’ἀποστόλου
660 795 801 870 Παύλου.
844 793 897 878 Ὡς
919 798 956 866 δὲ
977 798 1130 866 ε’πιπεσδν
1150 797 1264 882 βίαιον
1287 804 1420 882 πνεῦμα
1444 788 1479 862 οό
1496 818 1547 863 σον·

334 910 338 919 '
429 907 558 999 εχιύρει,
588 910 647 997 τῆς
677 901 750 996 νηός
778 905 812 973 ἐκ
834 898 977 994 πρύμνης
998 901 1216 992 ἐπειγομένης,
1246 900 1439 993 μακαρίσας
1464 900 1548 969 vivi,

428 1014 531 1100 ἐκείνῳ
554 1021 600 1098 τῷ
621 1008 714 1097 τόπῳ
734 1013 799 1077 τῶν
821 1003 968 1099 ἀδελφῶν
992 1001 1124 1096 ἀγύπην,
1147 1006 1236 1075 οὕτω
1264 1006 1450 1098 παρέπλει.
1493 1013 1547 1073 Tot·

427 1127 542 1210 γαρούν
563 1116 595 1184 ἐν
615 1120 674 1205 μιᾷ
695 1110 798 1205 ἡμέρη
819 1113 869 1181 καλ
890 1113 975 1180 νυκτὶ
997 1117 1038 1204 τῇ
1061 1112 1142 1203 αὐτῇ
1164 1107 1293 1202 ούρίοις
1314 1112 1456 1196 ἀνέμοις
1469 1133 1546 1202 προσ

428 1217 634 1315 χρησόμενοι,
664 1214 756 1310 ἡμεῖς
777 1218 835 1303 μέν
857 1212 984 1297 δύνοντες
1005 1216 1216 1308 ἀπηγόμεθα,
1247 1217 1424 1296 στένοντες
1452 1216 1503 1286 ε’πλ
1518 1219 1546 1302 τό

428 1325 485 1420 ἀφ’
515 1329 602 1416 ἡμῶν
631 1325 778 1411 μέλλοντι
810 1327 961 1414 χωρισμῶ
989 1332 1048 1392 τοῦ
1077 1322 1204 1392 δικαίου
1235 1323 1413 1411 γίνεσθαι.Ι
1456 1321 1545 1409 Ίηῖλύ

427 1433 494 1502 κατ’
515 1428 605 1521 εόχὴν
627 1425 797 1512 ἀπέβαινεν
812 1423 983 1497 σπεύδοντι
996 1434 1122 1496 θᾶττον
1135 1421 1350 1518 ἀναχωρῆσαι
1367 1430 1432 1495 τού
1444 1425 1545 1513 κόσμον,

427 1538 480 1606 ἵνα
501 1540 617 1630 φθοὶση
640 1535 724 1625 πρός
753 1528 789 1602 ὃν
815 1528 972 1623 ἠγάπησεν
998 1528 1111 1625 κύριον.
1156 1528 1407 1613 Καταπλεύσας
1433 1530 1545 1622 γυῦνελς

426 1640 503 1723 τούς
525 1642 650 1727 λιμένας
671 1633 838 1726 Ῥωμαίου,
860 1639 1033 1729 μελλούσης
1053 1631 1154 1728 λέγειν
1175 1636 1459 1730 τῆςάκαθάρτου
1477 1639 1544 1729 φιλο

428 1745 552 1833 τιμίας,
581 1746 613 1813 οἱ
633 1744 691 1829 μέν
711 1752 904 1835 στρατιῶται
926 1743 1007 1834 ύπὲρ
1030 1752 1085 1833 τῆς
1105 1744 1312 1833 βραδυτῆτος
1338 1737 1512 1836 ἤσχαλλον,
1532 1735 1544 1808 ό

429 1850 465 1918 δέ
488 1851 667 1928 ἐπίσκοπος
688 1847 806 1940 χαίρων
827 1846 1068 1935 κατεπείγουσιν
1091 1840 1278 1937 ὑπήκουσεν.

616 2044 664 2109 Vl.
709 2047 851 2127 Ιηοαοῖυε
873 2047 989 2110 Romae
1011 2064 1033 2108 α
1054 2044 1162 2108 bestiis
1184 2044 1374 2111 devoratur.

516 2158 651 2233 Ἐκεῖθεν
667 2154 723 2231 σύν
738 2159 904 2254 ε’ῶσθησαν
919 2158 988 2233 ἀπό
1002 2171 1064 2231 τοῦ
1076 2160 1274 2248 καλουμένου
1295 2159 1464 2254 λΠόρτου
1482 2163 1548 2252 (διε

429 2267 612 2359 πεφημιστο
633 2265 693 2359 γάρ
715 2264 776 2357 ἤδη
797 2265 839 2337 τά
859 2267 940 2337 κατά
954 2265 1011 2335 τόν
1025 2263 1114 2355 ἀγων
1131 2264 1316 2358 μάρτυρα)·
1339 2269 1550 2352 8συναντῶμα

429 2381 501 2452 τοῖς
525 2367 679 2465 ἀδελφοῖς
700 2376 795 2466 φόβῳ
816 2373 869 2442 καὶ
891 2383 975 2464 χαρᾷ
1005 2372 1278 2464 πεπληρωμένοις,
1308 2373 1483 2465 χαίρουσιν
1508 2374 1551 2460 μέν

429 2478 480 2569 ἐφ’
503 2471 551 2556 οἷς
571 2478 704 2568 ἦξιῶντο
726 2487 782 2569 τῆς
803 2488 861 2547 τοῦ
884 2479 1056 2568 Θεοφόρου
1076 2476 1248 2562 συντυχίας,
1273 2479 1499 2568 φοβουμένοις
1517 2478 1552 2558 δέ,

429 2585 516 2651 διότι
537 2608 600 2675 περ
624 2583 681 2651 ἐπὶ
705 2581 843 2651 θάνατον
865 2579 883 2650 ό
904 2586 1051 2662 τοιοῦτος
1079 2577 1181 2672 ἤγετο.
1228 2583 1303 2651 Τισὶ
1329 2584 1373 2652 δέ
1404 2585 1459 2653 καί
1482 2609 1553 2674 παρ

428 2682 569 2780 ν’γγγελλεν
590 2681 768 2778 ἡσυχάζειν,
798 2689 904 2770 ζέουσι
933 2688 987 2755 καί
1008 2687 1132 2776 λέγουσι
1157 2681 1361 2758 καταπαύειν
1384 2687 1445 2758 τόν
1466 2691 1554 2779 δῆμον

429 2793 514 2884 πρός
535 2793 575 2859 τό
596 2793 638 2881 μή
659 2789 816 2881 ἐπιζητεῖν
838 2788 1024 2862 ἀπολέσθαι
1045 2792 1099 2861 τόν
1122 2793 1260 2861 δίκαιον·
1285 2785 1323 2871 ὃς
1348 2795 1457 2874 εὐθύς
1477 2791 1555 2885 γνούς

428 2903 476 2986 ’τῷ
497 2898 667 2983 πνεύματι,
696 2897 750 2965 καί
772 2892 894 2975 πάντας
924 2892 1161 2983 ἀσπασόμενος,
1190 2892 1320 2988 αἰτήσας
1344 2924 1385 2968 τε
1412 2901 1492 2991 παρ’
1511 2894 1555 2968 ού

428 3005 493 3070 τῶν
518 2999 572 3091 την
601 2997 749 3091 ἀληθινόν
777 2995 915 3092 ἀγάπην,
945 2996 1079 3070 πλείονά
1101 3002 1221 3071 τετῶν
1245 3002 1277 3070 ἐν
1303 3006 1349 3092 τῇ
1381 3006 1555 3093 ’ἐπιστολῇ

430 3107 628 3191 διαλεχθεὶς,
656 3107 708 3173 καί
736 3106 852 3186 πείσας
878 3106 924 3192 μδ
951 3114 1117 3199 φθονῆσαι
1131 3111 1185 3195 ’τῷ
1204 3100 1384 3176 σπεύδοντι
1406 3110 1495 3200 πρός
1514 3109 1556 3177 τὸ

429 3206 548 3303 κύριον,
580 3210 662 3278 υύτω
682 3207 763 3296 μετά
783 3212 979 3301 γονυκλισίας
1009 3206 1135 3281 πάντων
1162 3221 1224 3280 τῶν
1253 3211 1428 3305 ἀδελφῶν,
1461 3238 1555 3307 παρα·

429 3315 563 3395 καλέσας
585 3314 640 3382 τόν
661 3313 728 3385 υἱόν
748 3326 808 3385 τοῦ
826 3320 909 3384 Θεοῦ
931 3312 1012 3409 ὑπέρ
1034 3321 1097 3385 τῶν
1117 3319 1290 3407 ἐκκλησιῶν,
1312 3311 1404 3410 ύπέρ
1426 3325 1490 3411 τῆς
1504 3320 1556 3389 τού

430 3424 572 3509 διωγμοῦ
597 3414 839 3502 καταπαύσεως,
870 3415 952 3512 ύπέρ
972 3426 1038 3512 ’τῆς
1065 3427 1128 3491 τῶν
1157 3419 1305 3514 ἀδελφῶν
1333 3424 1388 3504 εἰς
1414 3421 1556 3517 ἀλληλοις

425 3520 561 3616 ἀγάπης,
584 3525 717 3619 ἀπήχθη
737 3524 820 3610 μετά
842 3531 987 3619 σπουδῆς
1007 3527 1052 3605 εἷς
1072 3527 1113 3595 τό
1130 3526 1370 3619 ἀμφιθέατρον.
1416 3523 1500 3599 Εἶτα
1518 3528 1554 3598 εύ

429 3629 496 3710 θός
529 3631 701 3722 ἐμβληθεὶς
728 3628 811 3697 κατεῖ
843 3631 882 3699 τδ
912 3625 1043 3701 5πύλαι
1074 3627 1264 3725 πρόσταγμα
1291 3643 1359 3702 τοῦ
1394 3636 1553 3727 Καίσαρος.

428 3738 609 3825 μελλουσῶν
630 3729 822 3805 καταπαύειν
844 3740 907 3803 τοῖν
929 3741 1121 3830 φιλοτιμιῶν
1144 3729 1199 3828 (ἦν
1219 3734 1281 3828 γάρ
1311 3737 1497 3834 ἐπιφανής,
1523 3733 1554 3815 ῶς

431 3840 576 3924 ἐδόκουν,
606 3839 791 3932 ἦλεγομένη
813 3845 853 3931 τῇ
873 3835 1027 3935 Ῥωμαϊκῇ
1053 3847 1143 3934 φωνῇ
1170 3843 1468 3938 6τρισκαιδεκσέιη,
1496 3835 1553 3914 καθ’
1594 3870 1599 3921 ο

430 3942 467 4040 ἢν
489 3945 673 4023 σπουδαίως
695 3948 873 4037 συνῄεσαν),
896 3945 999 4029 οὕτως
1020 3948 1137 4040 θηρσὶν
1157 3945 1257 4034 ἀμοῖς
1277 3950 1379 4041 παρά
1405 3955 1457 4040 τῷ
1480 3951 1553 4034 'm'
1594 3955 1599 4006 λ

468 4115 495 4186 1)
514 4115 565 4170 cfr.
585 4113 642 4167 Act»
661 4112 704 4180 28,
723 4114 763 4168 13.
785 4114 824 4169 14.
1006 4116 1164 4171 λεαολνεοοιιε
1188 4132 1204 4169 ε
1230 4115 1330 4171 Codice
1355 4118 1498 4175 Ρετίεἰεοιῖ
1520 4132 1551 4190 ρο
1595 4131 1599 4163 ¹

1006 4205 1110 4275 vulgatu
1128 4204 1239 4257 lectione
1257 4201 1304 4254 σύν
1322 4201 1395 4275 αύτῷ
1413 4213 1470 4273 μέν.
1596 4216 1599 4227 “

1043 4293 1073 4360 4)
1091 4288 1132 4343 Sc.
1150 4292 1175 4342 in
1194 4291 1305 4359 ερλοῑολι
1320 4308 1370 4347 mu
1388 4296 1550 4351 nouom
1597 4307 1600 4340 λ

467 4375 497 4447 3)
524 4376 561 4429 Ita
589 4385 708 4431 monente
737 4375 843 4431 Smithio
872 4378 982 4433 restituit
1039 4377 1071 4444 ’5)
1090 4377 1133 4431 Sic
1161 4377 1274 4448 loquitur
1303 4380 1426 4452 Ιιηχείῖ
1454 4386 1549 4454 nerim

395 4233 404 4261 ⁸
467 4248 496 4315 2)
515 4246 600 4299 nodio
618 4249 642 4300 11
658 4249 739 4311 Porto
759 4262 839 4316 propo
858 4246 962 4301 Ostiam.
